3544 5494
735 601 958 668 ult-

365 815 456 884 Nero
480 816 585 903 igitur
601 826 677 905 post
694 824 836 883 mortem
854 823 963 882 totum
983 815 1149 882 mundum
1173 823 1271 901 reget
1293 821 1331 880 ut
1350 813 1436 902 Jup-

259 927 347 1014 piter
369 926 424 992 vel
458 925 570 1012 potius
592 925 752 991 Phoebus
778 923 866 989 Solis
899 923 1014 989 currui
1045 923 1208 989 insistens
1238 923 1320 990 orbe
1352 922 1436 988 caeli

260 1034 385 1099 medio:
420 1040 503 1098 tunc
537 1039 628 1098 totus
658 1031 748 1097 orbis
782 1054 865 1118 pace
897 1031 1040 1109 fruetur,
1081 1031 1220 1096 Lucano
1250 1053 1342 1096 nunc
1368 1030 1436 1096 iam

261 1141 343 1206 deus
374 1148 436 1218 est,
470 1139 566 1205 cuius
599 1139 739 1204 numine
771 1139 953 1204 instinctus
985 1137 1135 1204 carmina
1162 1137 1320 1204 Romana
1346 1161 1437 1205 nova

260 1247 388 1334 pangit.

366 1373 407 1437 In
441 1371 589 1438 carmine
622 1371 715 1436 Eius.
740 1371 880 1456 IflNero
914 1377 1052 1458 propter
1084 1377 1191 1436 artem
1227 1370 1371 1436 canendi
1404 1378 1438 1435 et

261 1479 430 1566 psallendi
445 1478 469 1544 J
471 1479 527 1544 ovi
544 1479 599 1546 vel
616 1478 770 1565 Apollini
788 1500 938 1564 parasse
956 1478 1093 1556 dicitur;
1110 1479 1229 1544 Musae
1245 1485 1437 1556 accurrunt,

261 1585 360 1654 Troia
377 1587 512 1672 gaudet,
530 1587 700 1652 Homerus
713 1609 790 1651 eum
807 1593 961 1664 coronat3
979 1586 1038 1651 sed
1056 1609 1096 1651 ea
1112 1585 1260 1651 carmina
1271 1587 1437 1663 Romana,

192 1705 193 1708 ’
261 1716 346 1779 quae
374 1694 486 1759 adhuc
514 1693 660 1759 maxima
688 1693 980 1772 existimabantur,
1008 1717 1028 1759 a
1055 1695 1242 1760 Mantuano
1270 1693 1345 1780 ipso
1381 1692 1437 1757 de-

261 1802 385 1866 lentur.

368 1927 576 2006 Quibuscum
610 1927 766 1992 versibus
804 1927 832 1991 si
872 1937 1105 2014 comparamus
1141 1926 1246 1992 verba
1281 1924 1436 1991 Suetonii

260 2034 339 2099 Ner.
366 2044 407 2102 53
437 2033 516 2115 quia
540 2032 727 2116 Apollinem
752 2040 862 2118 cautu,
887 2034 992 2099 Solem
1017 2034 1202 2117 ouripundo
1227 2032 1439 2115 aequiperare

263 2142 508 2207 existimaretur
537 2150 571 2207 et
595 2142 702 2209 Taciti
725 2165 803 2208 ann.
828 2143 918 2208 XIV
943 2151 984 2210 14
1011 2143 1110 2207 Vetus
1132 2141 1185 2206 iili
1212 2143 1271 2223 (sc.
1295 2140 1438 2227 Neroni)

262 2249 379 2331 crepido
400 2255 471 2315 erat
487 2251 652 2316 curriculo
668 2251 906 2335 quadripartita
922 2250 1082 2332 insistere,
1107 2270 1165 2315 nee
1181 2249 1292 2314 minus
1307 2247 1439 2331 foedam

260 2357 409 2422 studium
425 2357 552 2423 eithara
569 2359 734 2423 ludicrum
759 2359 797 2423 ire
812 2361 943 2423 modurn
967 2379 1091 2438 cauere,
1117 2379 1203 2442 quae
1220 2355 1333 2421 studia
1349 2379 1378 2421 a.
1397 2365 1438 2422 59

262 2472 367 2529 matre
398 2464 578 2531 interfecta
607 2473 676 2531 tam
704 2464 884 2530 immodice
913 2471 1123 2542 exarserunt,
1153 2471 1191 2528 ut
1219 2487 1247 2529 a.
1267 2472 1308 2531 60
1338 2462 1438 2528 etiam

262 2571 391 2636 Romae
408 2573 543 2659 publice
567 2596 606 2638 ea
623 2595 780 2637 exercere
802 2573 943 2638 auderet
952 2573 988 2657 ¹),
1014 2572 1104 2656 quod
1128 2571 1242 2636 nullus
1266 2577 1438 2636 antaeum

261 2678 441 2766 imperator
454 2679 592 2757 fecerat,
609 2687 643 2744 et
655 2681 743 2745 hanc
754 2680 949 2745 Pharsaliae
962 2687 1091 2765 partem
1109 2686 1143 2742 et
1158 2700 1293 2743 carmen
1312 2677 1404 2742 lllins.
1420 2676 1439 2740 I

262 2787 464 2852 artissimam
487 2787 691 2852 affinitatem
716 2810 796 2873 prae
820 2809 856 2851 se
880 2787 969 2852 ferre
993 2787 1160 2852 videmus.

369 2913 475 2977 Mirus
493 2913 593 2978 etiam
611 2934 798 2978 consensus
815 2913 904 2978 inter
920 2911 1077 2978 carminis
1094 2911 1189 2977 ains.
1208 2913 1225 2976 Ι
1242 2935 1379 2978 versum
1396 2921 1439 2980 40

263 3025 297 3083 et
320 3017 402 3084 Luc.
426 3021 501 3086 137
520 3042 568 3105 sq.
595 3020 754 3085 occurrit:
780 3021 899 3085 eadem
916 3020 987 3084 fere
1011 3041 1144 3085 summa
1167 3019 1362 3085 adulatione
1385 3019 1440 3086 bic

263 3129 390 3193 scelera
424 3126 588 3192 bellorum
622 3127 772 3193 civilium
805 3136 1025 3204 excusantur,
1061 3127 1152 3212 quod
1184 3126 1275 3192 Nero
1308 3150 1368 3214 per
1401 3150 1441 3192 ea

262 3236 446 3322 imperator
462 3236 599 3314 exstitit,
624 3235 693 3300 illic
709 3234 830 3300 Troiae
854 3255 951 3299 casus
969 3257 1030 3321 pro
1055 3234 1160 3299 nihilo
1178 3234 1324 3312 ducitur,
1349 3235 1441 3320 quod

263 3343 408 3409 Neronis
432 3343 581 3409 carmine
604 3343 793 3409 celebratus
818 3350 869 3407 est
893 3342 949 3427 (cl.
976 3342 1061 3407 tarrti
1084 3341 1237 3407 cecidisse
1258 3341 1350 3425 fait).

370 3469 536 3535 Videmus
572 3468 678 3554 igitur
710 3470 887 3534 Lucanum
926 3467 1046 3532 eodem
1080 3488 1185 3544 anno,
1222 3488 1288 3551 quo
1322 3465 1440 3531 laudes

264 3575 409 3642 Neronis
439 3575 650 3661 conscripsit,
680 3574 716 3639 in
742 3575 892 3640 carmine
916 3597 978 3640 suo
1007 3573 1103 3661 epico
1127 3573 1297 3638 Neronem
1322 3572 1440 3637 eodem

264 3684 365 3749 modo
394 3682 574 3760 celebrare,
607 3704 673 3767 quo
709 3680 861 3747 carmina
889 3680 1128 3758 Einsidlensia,
1163 3703 1239 3746 cum
1268 3679 1334 3744 illis
1362 3701 1440 3745 con·

265 3789 449 3876 spirantem
473 3790 506 3855 in
533 3790 634 3855 rebus
659 3798 692 3854 et
717 3788 894 3854 sententiis
919 3811 1087 3865 necnon,
1112 3788 1154 3852 de
1179 3810 1245 3873 quo
1262 3787 1352 3853 infra
1375 3786 1441 3851 dis-

264 3896 448 3982 putabitur,
478 3897 591 3982 aliquo
620 3897 721 3962 modo
751 3895 895 3962 artifieio
925 3915 1108 3981 aequarum
1138 3894 1333 3982 partium²);
1362 3915 1441 3958 nam

264 4004 354 4071 illius
383 4004 622 4070 blanditiarum
652 4012 831 4088 utramque
859 4010 989 4089 partem
1019 4002 1165 4066 eundem
1194 4022 1356 4067 versuum
1380 4023 1441 4064 nu-

265 4133 394 4176 merum
419 4112 592 4177 continere
622 4111 827 4198 supradixi.
877 4110 943 4175 Sed
970 4116 1109 4188 restant,
1137 4109 1259 4195 quibus
1288 4130 1357 4174 non
1383 4107 1441 4173 mi·

264 4241 382 4284 norem
406 4219 681 4285 concordantiam
707 4218 1004 4305 deprehendimus
1044 4218 1132 4283 Nam
1157 4238 1361 4302 quamquam
1384 4214 1442 4279 alii

265 4326 341 4404 loci,
367 4324 489 4412 quibus
515 4326 705 4412 praesentia
727 4334 881 4411 tempora
898 4324 1132 4410 designantur,
1155 4323 1250 4389 libris
1272 4321 1442 4409 prioribus

265 4454 334 4497 non
357 4432 486 4509 insunt,
511 4439 624 4498 tamen
648 4455 717 4498 non
735 4432 979 4510 desideramus,
1004 4431 1039 4496 in
1065 4430 1187 4516 quibus
1203 4431 1363 4495 Lucanus
1387 4450 1441 4494 res

266 4539 392 4604 similes
415 4539 524 4606 isdem
548 4541 620 4606 lere
643 4538 758 4606 verbis
783 4538 953 4604 describit.

372 4718 395 4788 ¹)
415 4717 458 4771 Ol.
477 4717 544 4772 Tac.
564 4735 630 4772 ann.
649 4717 721 4774 XIV
738 4717 781 4771 20.
800 4717 843 4770 21.
864 4716 944 4772 Suet.
963 4713 1030 4770 Ner.
1050 4717 1093 4770 21.

375 4806 398 4881 ²)
418 4805 461 4861 uf.
481 4824 543 4878 cap.
556 4807 610 4860 111.
