3544 5494
805 611 1024 672 „40-

330 821 434 886 oertn's
446 841 543 886 snnrn
560 821 596 884 e'n
612 822 809 885 cornrnodnrn
825 818 960 884 nantolis
977 821 1172 901 respondeat
1184 823 1214 883 ot
1225 823 1285 911 ont
1296 817 1503 883 contrariam

332 927 459 1009 ole'an'd
495 927 585 992 dicct
618 931 678 990 ont
701 925 894 990 evadentins
931 932 961 992 et
977 926 1164 1008 pulchrius.
1225 925 1354 1004 Quibus
1389 923 1503 989 verbis

330 1034 508 1100 Fritzschii
538 1033 691 1118 (Theocr.
721 1056 752 1120 p.
782 1039 856 1116 155)
896 1033 1066 1118 subiungo
1096 1032 1206 1098 Servii
1234 1032 1276 1096 ad
1305 1031 1409 1117 Verg.
1441 1030 1501 1096 eol.

331 1142 450 1208 11159
480 1141 742 1206 adnotationem:
776 1140 822 1204 In
852 1142 1016 1206 ontoeboeo
1046 1140 1131 1206 enirn
1160 1139 1303 1205 nornine
1335 1137 1506 1223 difficilior

328 1270 410 1332 pars
433 1249 658 1331 respondentis
683 1253 737 1330 est,
762 1248 820 1329 qni
842 1270 909 1314 non
928 1269 991 1331 pro
1015 1269 1074 1312 sno
1099 1247 1234 1313 arbitrio
1259 1246 1389 1328 aliquio
1413 1244 1502 1328 dicit,

331 1358 389 1420 scol
412 1359 472 1419 ont
492 1354 645 1420 notorem
675 1359 734 1418 ont
761 1354 960 1419 contrariom
986 1353 1108 1437 format
1136 1353 1385 1435 responsionem.
1432 1353 1504 1418 Has

332 1463 436 1548 lagae,
470 1483 546 1526 cum
580 1461 802 1526 aThaocrito
836 1469 870 1526 et
893 1460 1045 1547 Vergilio
1078 1468 1211 1526 tantum
1244 1461 1279 1526 in
1313 1459 1503 1526 amocbaeis

333 1568 537 1634 carminibus
564 1567 647 1654 ipsis
676 1568 846 1633 adhibitae
875 1568 954 1646 sint,
983 1576 1081 1654 poeta
1109 1568 1248 1633 exordio
1273 1590 1404 1634 summa
1428 1590 1505 1633 cum

334 1674 508 1761 diligentia
531 1675 722 1740 inculcavit.
747 1675 844 1754 'Qua
866 1675 902 1740 in
927 1683 1021 1762 parte
1046 1698 1084 1740 ea
1112 1697 1272 1741 versuum
1302 1674 1504 1754 distributio,

334 1804 435 1868 quam
459 1783 566 1847 codex
591 1781 739 1867 praehet,
764 1790 953 1847 rectaesse
977 1805 1046 1847 11611
1071 1789 1192 1868 potest.

439 1890 568 1953 Auctor
592 1889 676 1954 duos
701 1896 853 1975 pastores
876 1889 1008 1954 inducit
1031 1889 1119 1954 inter
1143 1911 1179 1954 66
1204 1888 1416 1967 61161666166,
1448 1888 1505 1975 qui

333 1995 479 2062 iudicem
500 1995 691 2061 certaminis
716 1995 843 2060 Midam
868 2004 1058 2082 opportune
1081 1994 1272 2062 inveniunt.
1319 1996 1504 2083 Postquam

333 2104 446 2168 Midae
475 2103 559 2168 alter
589 2111 703 2188 pastor
727 2101 915 2189 Thamyras
944 2103 1061 2167 arbitri
1095 2124 1218 2168 munus
1248 2102 1380 2181 obtulit,
1415 2104 1505 2188 quod

333 2210 390 2274 1116
423 2233 459 2275 66
488 2217 704 2295 accepturum
734 2230 808 2272 esse
842 2208 1016 2295 promittit,
1051 2197 1173 2287 Midae,
1206 2232 1276 2274 non
1305 2209 1505 2296 Thamyrae,

335 2318 419 2382 alter
446 2326 561 2404 pastor
584 2317 695 2381 Ladas
725 2316 882 2402 praemiis
912 2339 981 2381 non
1011 2315 1193 2402 propositis
1223 2316 1409 2382 concertari
1436 2339 1505 2382 non

335 2446 434 2512 posse
458 2423 641 2510 opponis).

441 2531 483 2597 V.
503 2541 521 2598 5
543 2530 647 2616 igitur
663 2530 822 2596 universe
847 2529 957 2594 dictus
974 2538 1038 2595 est:
1064 2530 1123 2595 ubi
1139 2531 1232 2595 nulla
1253 2531 1506 2617 praemineant,

334 2639 448 2704 nullus
482 2637 637 2702 stimulus
672 2637 752 2702 artis
786 2645 847 2716 est,
878 2637 926 2702 ita
957 2646 995 2702 ut
1025 2645 1119 2702 mut—a
1152 2647 1295 2702 maneat.
1343 2639 1440 2716 Quod
1463 2661 1507 2703 ne

335 2746 474 2823 accidat,
503 2745 540 2809 in
568 2768 600 2810 v.
625 2755 653 2812 6.
683 2754 849 2823 monetur,
885 2753 922 2810 ut
956 2745 1100 2833 pignora
1128 2745 1353 2833 deponantur,
1385 2745 1506 2831 quibus

335 2853 416 2934 fides
440 2857 562 2918 durare
586 2858 729 2935 ooyotnr.
834 2877 845 2900 ·

442 2960 484 3026 V.
504 2970 522 3027 6
547 2960 651 3044 igitur
675 2959 721 3024 ita
744 2959 995 3044 intellegendus
1020 2968 1084 3024 est:
1110 2959 1508 3048 ι116611611116666861111

337 3069 459 3134 durare
492 3091 531 3132 ea
564 3091 610 3145 16,
645 3068 734 3152 quod
771 3088 842 3131 nos
872 3067 951 3131 duo
987 3066 1130 3152 pignora
1166 3067 1386 3154 deponemuS,
1422 3091 1508 3152 quae

336 3175 456 3240 victori
480 3175 623 3239 cedant)

444 3283 520 3346 Duo
550 3282 639 3346 enim
670 3281 811 3368 pignora
844 3289 933 3359 sunt,
971 3281 1080 3346 Ladae
1113 3304 1218 3346 unum
1252 3292 1285 3348 et
1318 3282 1507 3368 Thamyrae

232 3469 235 3476 Α
337 3412 458 3466 111111111;
483 3412 593 3474 nequo
619 3389 708 3454 6111111
734 3388 798 3452 alia
822 3387 1021 3452 condicione
1045 3397 1215 3454 certamen
1239 3412 1313 3455 esse
1338 3399 1456 3476 potest.

443 3497 562 3582 Itaque
586 3506 680 3562 vv.5
705 3505 780 3562 616
811 3495 976 3559 artissime
1005 3495 1094 3560 inter
1123 3519 1158 3562 se
1188 3498 1370 3562 cohaerent
1397 3521 1508 3583 neque

338 3603 471 3668 duobus
500 3603 694 3668 hominibus
722 3602 825 3666 tribui
856 3609 1012 3688 possunt:
1042 3603 1100 3669 ubi
1129 3605 1223 3669 nulla
1248 3605 1395 3692 praemia
1418 3614 1507 3682 sunt,

261 3775 262 3780 ,
337 3733 391 3775 ars
414 3719 505 3775 muta
522 3719 581 3774 est.
629 3711 700 3774 Nos
724 3718 835 3775 autem
862 3711 995 3775 duobus
1020 3711 1220 3797 pignoribus
1245 3713 1407 3799 depositis
1432 3735 1507 3778 can·

337 3829 408 3884 tare
433 3841 602 3904 cogamur.

444 3926 576 3990 Versus
590 3939 669 4002 tres,
694 3926 751 4010 qui
775 3933 964 4011 sequuntur
980 3928 1104 4012 (7-9),
1129 3949 1206 3992 cum
1230 3927 1508 3994 antecedentibus

337 4033 556 4116 nullomodo
581 4032 743 4118 coniungi
766 4041 919 4119 possunt.
967 4033 1081 4118 Vulgo
1099 4034 1147 4098 ita
1163 4056 1220 4099 eos
1238 4034 1383 4100 editores
1407 4035 1508 4100 inter-

339 4139 460 4226 pretati
477 4150 567 4216 sunt,
584 4148 622 4203 ut
638 4140 705 4205 duo
724 4141 866 4226 pignora
883 4163 1021 4226 caprum
1039 4149 1072 4206 ct
1088 4141 1239 4206 fistulam
1256 4163 1330 4206 esse
1347 4143 1506 4208 dicerent.

340 4247 407 4310 Sed
425 4256 460 4311 ut
477 4247 543 4311 iam
561 4270 663 4333 supra
680 4247 805 4324 monui,
831 4250 898 4312 duo
921 4247 1064 4334 pignora
1086 4248 1221 4333 singula
1236 4257 1316 4314 sunt
1333 4249 1508 4335 utriusque

340 4354 492 4440 pastoria.
530 4354 655 4418 Contra
669 4354 704 4418 in
721 4378 776 4419 vv.
796 4365 880 4423 7-9
899 4355 940 4418 de
958 4355 1058 4420 unius
1080 4356 1223 4441 pastoris
1247 4356 1389 4441 pignore
1404 4357 1510 4422 verba

342 4461 429 4525 liunt
457 4461 511 4543 (ct.
537 4463 710 4547 ool-oel);
746 4462 803 4547 qui
831 4462 990 4547 loquitur,
1025 4462 1198 4539 deliberat,
1227 4471 1340 4528 utrum
1371 4486 1508 4548 caprum

277 4624 279 4628 ,
339 4590 381 4632 an
406 4566 555 4632 fistulam
581 4569 703 4654 pignus
729 4570 884 4656 deponat.

446 4712 468 4780 1)
487 4709 589 4782 Neque
619 4713 695 4764 enim
722 4719 816 4783 poeta,
846 4719 880 4767 111
906 4714 1010 4784 Hagen
1038 4713 1143 4786 aliique
1172 4717 1357 4782 censuerunt,
1386 4713 1509 4771 alterum

339 4803 493 4874 pastorem,
514 4799 565 4855 sed
583 4802 710 4874 proemia
730 4819 841 4860 cessare
861 4802 939 4860 dicit.
