3544 5494
799 629 1020 687 „26-

319 836 408 901 illius
438 843 592 923 poemate
626 835 720 923 epico
751 835 793 922 ‘o’
817 835 967 922 syllabae
1000 834 1114 900 finalis
1147 833 1182 900 in
1202 838 1337 918 praede,
1367 836 1492 919 palme,

320 943 518 1030 producitur
551 943 585 1008 in
615 944 705 1026 baba,
740 964 860 1008 macro,
908 942 975 1007 Sed
1010 942 1109 1006 etiam
1143 941 1227 1007 illud
1259 941 1370 1028 ipsum
1403 943 1492 1027 sirpo

322 1051 412 1138 apud
448 1050 593 1115 eundem
635 1058 806 1116 auctorem
845 1050 946 1114 modo
985 1057 1149 1135 correpta,
1188 1049 1289 1114 modo
1329 1050 1493 1134 producta

320 1157 416 1223 finali
440 1157 586 1243 positum
620 1157 751 1222 inveni:
786 1157 876 1243 apud
906 1155 1083 1221 Manilium
1117 1155 1206 1220 enim
1241 1177 1398 1225 mensura
1431 1158 1494 1221 hac

321 1264 463 1330 affertur·
491 1265 525 1328 ΙΙ
551 1273 625 1341 442,
659 1264 713 1328 ΠΙ
742 1272 817 1341 410,
852 1263 912 1328 sed
942 1263 999 1328 illa
1022 1263 1039 1326 I
1063 1272 1139 1339 266,
1172 1263 1207 1326 Π
1232 1271 1307 1339 266,
1339 1262 1391 1327 IV
1417 1272 1491 1330 382.

319 1373 438 1456 Itaque
455 1372 629 1437 Lucanum
655 1371 813 1436 iuvenem
839 1376 946 1436 certas
971 1369 1035 1434 sibi
1056 1370 1150 1454 leges
1174 1369 1327 1434 nondum
1351 1369 1493 1434 finxisse

263 1494 264 1498 ’
320 1478 440 1565 opinor
472 1486 530 1544 aut
554 1501 595 1543 ex
619 1477 865 1543 consuetudine
899 1499 979 1542 suae
1012 1476 1130 1541 aetatis
1160 1476 1191 1540 ei
1223 1476 1355 1541 variare
1388 1477 1491 1542 licuit.

320 1586 417 1664 Quod
442 1585 567 1672 optime
599 1585 634 1650 in
659 1608 742 1651 voce
772 1607 845 1670 erpo
878 1583 1051 1650 observari
1084 1591 1205 1670 potest,
1240 1583 1335 1648 cuius
1360 1583 1403 1673 ‘o'
1426 1584 1492 1649 iam

319 1693 410 1779 apud
439 1693 599 1759 Ovidium
628 1701 706 1758 ante
735 1692 990 1757 coniunctiones
1019 1691 1166 1777 positum
1198 1691 1387 1777 corripitur,
1415 1701 1493 1776 ‘qua

213 1782 221 1818 ⁸
321 1799 363 1863 de
392 1823 427 1864 re
457 1800 611 1866 consulto
635 1801 812 1864 Lucanum
840 1797 944 1888 ⁴ergo’
977 1807 1073 1863 caute
1101 1805 1263 1862 tractasse
1293 1819 1492 1884 persuasum

319 1905 402 1971 mihi
431 1905 491 1971 est’
525 1906 682 1992 (Trampe
708 1930 738 1993 p.
766 1910 806 1991 7).
854 1907 958 1970 lstam
992 1905 1081 1970 enim
1114 1926 1232 1969 vocem
1266 1906 1424 1970 Lucanus
1456 1905 1492 1969 in

320 2013 528 2099 synaloephe
553 2036 686 2100 semper
710 2013 832 2100 posuit,
862 2013 965 2077 semel
994 2020 1105 2076 autern
1130 2018 1283 2098 correpta
1306 2011 1401 2076 finali
1426 2012 1493 2096 (IX

320 2129 384 2187 256
408 2120 498 2204 Erpa
522 2121 622 2205 pari),
653 2143 729 2185 cum
749 2143 859 2203 porro,
884 2141 968 2202 vern,
993 2124 1087 2201 retra,
1114 2121 1244 2200 errando
1269 2118 1393 2202 ubique
1418 2141 1492 2204 pro·

321 2228 422 2292 ducta
445 2228 540 2292 finali
565 2236 781 2313 usurpentur.
828 2228 869 2291 In
894 2227 981 2291 thesi
1010 2249 1091 2292 vero
1121 2225 1229 2312 prima
1252 2226 1411 2290 Lucanus
1434 2248 1492 2292 vo·

320 2335 408 2399 cales
431 2335 552 2420 longas
577 2335 641 2399 nisi
666 2358 742 2400 cum
772 2334 903 2420 syllaba
931 2334 1026 2398 brevi
1056 2341 1196 2419 excepta
1219 2355 1302 2400 voce
1328 2354 1400 2415 erpo
1424 2355 1491 2397 non

320 2441 504 2506 coniunxit.

427 2549 552 2614 Similis
589 2557 701 2615 autem
736 2549 963 2615 inconstantia
998 2549 1033 2613 in
1069 2571 1169 2613 carm.
1209 2547 1299 2612 Elius.
1336 2547 1490 2612 occurrit.

319 2656 355 2720 Π
380 2665 419 2723 21
448 2679 520 2742 erpo
545 2651 710 2744 producta
737 2656 833 2722 finali
856 2656 991 2742 legitur,
1022 2665 1139 2721 contra
1161 2656 1179 2719 Ι
1203 2665 1244 2723 45
1269 2656 1358 2740 Erpa
1383 2661 1422 2720 at
1444 2655 1492 2721 az·-

319 2764 407 2829 00000
440 2774 632 2851 correptum
657 2763 699 2854 ‘o’
725 2787 798 2829 esse
832 2765 943 2841 debet,
978 2787 1053 2829 cum
1082 2763 1116 2827 in
1141 2764 1230 2827 thesi
1263 2763 1359 2848 pedis
1393 2762 1493 2848 primi

320 2894 397 2936 cum
421 2872 551 2958 syllaba
574 2873 676 2958 longa
700 2872 968 2956 coniungaturl).
1016 2872 1091 2935 Hoc
1119 2870 1224 2955 igitur
1253 2877 1491 2954 argumentum

320 2977 439 3043 ceteris
463 3002 532 3044 non
557 2980 756 3065 refragatur.

426 3157 448 3227 1)
467 3157 515 3211 Nil
535 3176 639 3225 moror,
665 3157 743 3228 quod
767 3158 846 3212 Eins.
866 3158 881 3210 l
902 3158 932 3211 11
957 3164 1025 3230 pcto
1045 3162 1177 3227 correpta
1196 3155 1277 3210 finali
1295 3157 1411 3228 legitur,
1437 3158 1492 3210 ‘cul

319 3245 387 3300 inde
407 3248 442 3300 ab
462 3248 663 3318 antiquissima
683 3252 779 3301 aetate
798 3247 882 3301 licuit
900 3264 964 3301 esse
983 3247 1170 3318 pyrrichiaco'
1191 3245 1235 3316 (L.
1255 3246 1386 3312 Mueller,
1407 3245 1442 3299 de
1461 3262 1491 3298 re

319 3338 427 3389 meust
446 3355 472 3407 p.
486 3337 541 3406 35).
580 3337 747 3391 Dolendum
772 3341 824 3400 est,
855 3335 932 3407 quod
956 3337 1012 3389 hoc
1036 3336 1211 3389 vocabulum
1239 3335 1316 3407 apud
1339 3335 1492 3388 Lucanum

320 3443 379 3478 non
400 3427 531 3479 occurrit.
570 3426 657 3496 Apud
677 3427 865 3496 Calpurnium
889 3442 1004 3495 quoque
1025 3442 1138 3494 semper
1162 3426 1233 3478 haec
1255 3427 1288 3494 ⁸0‘
1307 3425 1491 3496 producitur:

320 3515 389 3568 134
407 3537 484 3579 cono,
508 3517 591 3569 1123
611 3538 712 3574 utoneo.
738 3517 783 3586 Ill
803 3517 836 3569 35
856 3524 958 3587 suopte.
983 3515 1018 3569 94
1036 3519 1119 3582 stobe,
1145 3515 1186 3569 IV
1205 3515 1240 3568 73
1259 3520 1343 3576 faceo,
1369 3515 1491 3582 Vtuo,

320 3604 378 3659 VH
396 3605 432 3658 44
450 3614 551 3678 stupeo,
571 3605 623 3660 sed
641 3606 657 3658 I
675 3606 706 3658 21
728 3609 824 3670 nescia,
843 3605 883 3660 VI
902 3606 936 3659 83
953 3613 1020 3678 pulo
1040 3609 1172 3675 correpta
1190 3603 1271 3656 finali
1290 3602 1441 3674 leguntur!
