3544 5494
809 593 1031 652 -10-

441 797 675 885 cognovimus
691 798 797 885 igitur
811 800 930 866 laudes
946 800 1092 866 Neronis
1108 801 1257 868 carmina
1280 802 1397 882 fuisse,
1422 826 1508 890 quae

331 905 367 972 in
393 905 576 972 certamine
605 905 843 992 pentasterice,
878 907 899 972 i.
929 930 956 972 e.
986 907 1144 973 Neroniis
1178 932 1206 974 e.
1229 917 1271 976 60
1298 909 1462 975 institutis
1471 913 1507 995 ¹),

332 1012 368 1079 in
392 1013 534 1100 Pompei
564 1014 697 1080 theatro
731 1014 870 1080 recitata
902 1023 992 1080 sunt.
1038 1014 1142 1081 Nulla
1175 1022 1287 1081 autem
1315 1017 1509 1103 fragmenta

333 1127 469 1187 servata
485 1127 575 1198 sunt,
601 1144 686 1208 quae
702 1121 755 1186 his
772 1121 978 1188 carminibus
994 1122 1239 1189 adscribantur.
1287 1124 1356 1189 Sed
1379 1124 1509 1190 Lucani

334 1248 419 1313 opus
443 1226 627 1293 maximum
651 1227 942 1316 clarissimumque
967 1230 1009 1295 ad
1035 1252 1097 1296 nos
1116 1230 1281 1317 pervenit,
1305 1230 1383 1296 libri
1406 1231 1455 1296 illi
1471 1233 1509 1296 X

334 1334 376 1399 de
393 1334 481 1400 bello
498 1335 587 1401 civili
606 1335 732 1423 scripti.
772 1337 872 1402 Nunc
893 1337 1079 1416 videamus
1104 1360 1186 1403 num
1203 1361 1244 1403 cx
1260 1337 1313 1402 his
1331 1339 1508 1404 enucleare

333 1441 513 1528 possimus,
539 1443 654 1529 quales
678 1443 805 1509 fuerint
826 1444 918 1510 illius
940 1445 1059 1510 laudes
1082 1444 1238 1510 Neronis.

445 1550 494 1616 At
527 1550 723 1638 priusquam
750 1553 846 1618 'hanc
881 1552 1111 1639 quaestionem
1141 1553 1372 1630 instituamus,
1400 1552 1507 1638 inqui·

335 1658 481 1723 rendum
505 1667 567 1735 est,
592 1681 739 1742 quonam
756 1659 875 1725 ordine
899 1667 934 1725 et
949 1657 1072 1744 quibus
1088 1660 1297 1747 temporibus
1314 1659 1508 1726 Pharsaliae
1577 1685 1580 1690 ’

334 1764 411 1830 libri
443 1763 479 1829 in
512 1765 621 1830 lucem
655 1765 852 1851 prodierint.
907 1766 1009 1831 Teste
1041 1767 1131 1832 enim
1160 1767 1274 1832 Vacca
1305 1774 1404 1854 poeta
1435 1767 1508 1853 ipse

334 1878 402 1936 tres
432 1878 565 1937 tantum
593 1871 698 1937 libros
726 1872 833 1938 edidit
862 1895 901 1939 eo
931 1880 1094 1960 ternpore,
1125 1896 1191 1959 quo
1217 1873 1352 1940 Caesari
1382 1873 1508 1938 amicus

335 1985 420 2056 erat;
455 1977 576 2065 reliqui
602 1978 681 2044 libri
713 1987 790 2066 post
825 1987 967 2045 mortem
1002 1982 1138 2046 demum
1171 1993 1290 2068 poetae
1323 1980 1365 2046 ab
1393 1979 1508 2044 amicis

336 2085 461 2173 publici
484 2085 567 2151 iuris
584 2086 666 2152 facti
689 2095 778 2151 sunt.
828 2087 1008 2153 Librorum
1032 2088 1133 2153 trium
1152 2088 1301 2174 priorum
1327 2086 1508 2152 editionem

335 2192 400 2258 viri
435 2192 525 2258 docti
565 2215 654 2259 anno
678 2202 719 2261 63
760 2193 958 2258 adtribuunt
993 2192 1270 2259 similitudinibus
1306 2192 1508 2278 quibusdam

335 2299 484 2379 adducti,
518 2323 603 2387 quae
634 2300 724 2365 inter
751 2300 880 2366 Lucani
913 2323 1048 2366 carmen
1082 2309 1115 2366 et
1150 2301 1299 2365 Senecae
1331 2301 1509 2365 Naturales

336 2406 550 2494 quaestiones
579 2408 803 2473 intercedunt.
851 2409 944 2488 Quae
973 2416 1031 2474 aut
1058 2408 1091 2474 in
1122 2407 1300 2473 sententiis
1330 2408 1372 2473 de
1397 2430 1509 2472 rerum

335 2521 457 2581 natura
489 2515 629 2602 prolatis
661 2524 720 2580 aut
751 2515 786 2580 in
820 2515 1067 2582 elocutionibus
1101 2515 1241 2603 poeticis
1275 2513 1508 2580 inveniuntur.

328 2621 405 2686 sed
429 2622 557 2688 Hosius
580 2623 664 2710 ipse,
690 2646 789 2710 quem
814 2623 979 2708 Sehanz2)
1004 2625 1067 2689 hae
1090 2624 1125 2689 in
1150 2647 1185 2689 re
1209 2623 1371 2709 sequitur,
1396 2623 1443 2688 ita
1467 2623 1508 2686 de

336 2728 404 2794 illis
444 2728 617 2814 iudicat³):
666 2730 793 2796 Geroda
828 2730 877 2796 bei
914 2735 978 2797 deu
1009 2730 1510 2815 pbilosophiscb-uutururr'sseu-

339 2836 552 2920 acbuftlr'cbeu
576 2837 756 2903 Ausicbteu
781 2889 788 2902 .
814 2888 821 2903 .
848 2889 854 2902 .
882 2890 887 2902 .
912 2861 987 2923 urup
1009 2841 1162 2904 muucter
1178 2838 1355 2902 Ausdruclr
1374 2837 1511 2900 Lucuua

337 2945 411 3008 eber
434 2944 501 3028 auf
510 2944 564 3009 dr'e
580 2945 698 3010 Sebule
721 2948 778 3010 des
797 2943 964 3010 Ocruutus
986 2947 1036 3010 uls
1060 2944 1127 3028 urrf
1137 2945 1258 3009 Seneca
1274 2943 1509 3026 eurdetpebeu

337 3049 417 3116 alias
450 3049 486 3115 in
519 3050 669 3116 Senecae
703 3050 894 3116 dramaticis
927 3051 1091 3137 poematis
1124 3053 1225 3135 (quae
1258 3071 1325 3135 quo
1357 3058 1510 3134 tempore

337 3165 410 3222 orta
433 3156 511 3235 sint,
545 3159 682 3224 omnino
717 3181 788 3224 non
811 3163 957 3242 constat)
990 3158 1063 3224 fere
1092 3179 1209 3223 omnes
1242 3156 1389 3223 inveniri
1418 3155 1509 3220 dicit.

337 3265 485 3344 Quarum
515 3264 773 3332 similitudinum
805 3289 907 3331 unam
945 3275 979 3331 et
1008 3265 1221 3353 praecipuam
1249 3265 1373 3330 afferre
1401 3264 1509 3329 liceat.

337 3373 418 3437 Luc.
432 3373 450 3436 Ι
464 3382 526 3439 527
535 3395 583 3458 sq.
600 3377 829 3455 ardentemque
836 3374 951 3455 polum
963 3373 1105 3456 sidrunis
1118 3373 1267 3453 caeloque
1279 3374 1423 3437 uoluutea
1435 3371 1511 3436 oblr'-

338 3503 421 3564 quus
436 3479 527 3564 fures
552 3481 758 3563 crinemque.
779 3533 785 3545 .
805 3480 948 3546 ..sideris
964 3484 1022 3562 (sc.
1040 3479 1201 3565 vidimus)
1227 3532 1233 3544 .
1253 3532 1259 3544 .
1279 3531 1285 3544 .
1306 3532 1311 3544 .
1336 3481 1512 3561 stellaeque

337 3589 480 3654 minores
490 3611 708 3671 pervacuum
724 3590 839 3655 solitae
854 3589 959 3654 ucetia
982 3591 1154 3654 decurrere
1171 3593 1297 3670 ternpus
1317 3589 1354 3651 r'u
1369 3587 1512 3651 uredr'uru

337 3719 452 3762 uerrere
486 3697 572 3762 dr'eru
617 3697 744 3762 Hosius
778 3705 911 3784 poetam
945 3696 1017 3762 sine
1043 3696 1146 3760 dubio
1180 3693 1303 3758 imitari
1335 3693 1512 3758 contendit

339 3803 417 3868 Sen.
435 3805 476 3870 N.
495 3804 556 3883 Qu.
575 3804 626 3869 VI
642 3814 695 3883 3,3
720 3810 811 3871 actae
832 3806 868 3871 r'u
891 3811 1113 3870 transuersum
1136 3801 1226 3885 fures
1250 3807 1281 3867 et
1295 3801 1377 3866 cuelr'
1392 3822 1512 3884 ruuqua

333 3933 418 3994 pars
441 3915 562 3977 ardeus
586 3917 616 3976 et
639 3911 759 3977 criur'tu
783 3913 893 3977 sidera
918 3916 948 3976 et
969 3911 1083 3974 atellae
1102 3897 1164 3990 per
1187 3908 1271 3972 dr'eru
1295 3907 1366 3972 risu
1389 3915 1423 3971 et
1443 3907 1513 3972 VII

338 4027 414 4095 20,3
440 4019 582 4104 (stellae)
606 4020 784 4101 aliquando
807 4041 874 4084 ucu
896 4022 1081 4100 exspectata
1104 4022 1195 4081 noete
1209 4016 1381 4098 fulserunt
1403 4020 1433 4079 et
1450 4037 1513 4097 per

338 4126 480 4191 medium
510 4132 691 4209 eruperunt
720 4127 814 4192 diem.
862 4124 925 4191 Cui
954 4122 1109 4189 assentiri
1137 4145 1206 4188 non
1231 4144 1379 4209 possum.
1427 4123 1512 4185 Nam

338 4232 394 4298 hic
426 4233 556 4299 Lucani
579 4233 672 4299 locus
706 4242 796 4299 certe
825 4233 883 4297 vix
905 4231 1042 4317 longius
1067 4231 1170 4296 distat
1203 4254 1222 4295 a
1254 4231 1353 4295 Lucr.
1388 4229 1511 4308 1120ss

339 4339 591 4423 Noeturuaaque
605 4341 694 4425 faces
708 4341 790 4407 caeli
805 4340 943 4406 sublime
958 4341 1103 4404 uolentes
1127 4347 1185 4402 aut
1208 4337 1236 4401 si
1254 4337 1361 4401 mavis
1378 4359 1397 4399 a
1412 4335 1511 4398 Lucr.

446 4520 469 4589 ¹)
488 4518 531 4573 of.
545 4519 611 4572 Tac.
630 4537 697 4572 ann.
717 4519 788 4574 XIV
799 4520 841 4573 20.
862 4519 941 4572 Suet.
955 4515 1022 4571 Ner.
1037 4517 1079 4570 12.
1099 4513 1303 4569 Friedluender
1316 4512 1511 4582 Sittengesch.

356 4606 389 4659 1⁶
429 4648 435 4661 .
505 4651 509 4662 .

339 4606 354 4660 Ι
408 4607 573 4768 pllgltdm.
592 4697 662 4752 Litt.
682 4698 734 4752 11²
753 4717 780 4769 p.
794 4697 838 4752 85.

447 4789 471 4860 ³)
490 4787 585 4842 Fleck.
605 4788 652 4842 Jb.
673 4787 724 4844 145
743 4806 769 4862 p.
789 4787 842 4842 337
861 4803 902 4859 sq.
