3544 5494
775 623 995 680 -23-

296 847 377 891 usus
402 826 527 913 optime
556 849 632 892 cum
657 828 795 894 Lucano
825 828 992 914 congruit,
1024 828 1082 914 qui
1104 830 1168 893 hac
1190 828 1224 892 in
1251 851 1286 893 re
1311 851 1330 893 a
1354 829 1467 894 multis

295 933 368 998 aliis
400 933 620 1020 scriptoribus
652 935 745 999 velut
775 935 927 1020 Vergilio
958 935 1065 1001 Statio
1096 935 1178 1000 Silio
1208 935 1354 1014 Valerio,
1386 935 1467 1021 quin

295 1042 395 1107 etiam
428 1042 470 1109 ab
504 1042 626 1108 Ovidio
665 1043 800 1107 recedit.
861 1043 1020 1106 Lucanus
1059 1042 1148 1107 enim
1188 1043 1270 1107 duas
1303 1042 1467 1120 licentias,

295 1171 378 1235 quas
402 1149 437 1214 hi
461 1157 615 1214 auctores
640 1149 833 1227 admittunt,
859 1169 990 1214 summa
1013 1171 1093 1214 cura
1116 1149 1252 1215 vitavit:

404 1266 431 1322 1.
456 1256 489 1320 in
515 1256 603 1320 thesi
627 1257 785 1320 Lucanus
812 1257 944 1321 vocales
969 1256 1089 1321 breves
1113 1264 1247 1343 praeter
1270 1260 1309 1346 ‘e’
1336 1279 1466 1343 correp·

294 1369 362 1426 tam
386 1385 462 1427 cum
487 1364 591 1428 altera
608 1363 751 1449 'syllaba
776 1363 871 1427 brevi
902 1362 1109 1449 coniungere
1138 1363 1247 1429 noluit
1276 1364 1466 1450 (perpaucis

294 1470 456 1556 exemplis
481 1469 629 1557 exceptis
640 1471 674 1553 1).

401 1585 431 1642 2.
456 1578 612 1642 elisiones
637 1577 774 1641 ultimae
798 1577 948 1662 syllabae
966 1577 1092 1663 dactyli
1109 1585 1283 1664 correptae
1299 1599 1466 1663 nusquam

293 1683 358 1748 nisi
382 1684 417 1748 in
441 1685 527 1770 pede
551 1684 659 1770 primo
685 1691 718 1748 et
742 1684 859 1768 quinto
884 1683 1062 1768 admisit2).

400 1791 544 1855 Easdem
574 1791 669 1876 leges
697 1789 734 1863 in
764 1790 969 1856 carminibus
1005 1791 1165 1868 brevibus
1196 1799 1346 1857 servatas
1376 1793 1466 1856 dete·

293 1898 417 1983 gimuS,
442 1921 518 1962 cum

402 2014 429 2070 1.
454 2004 489 2068 in
514 2003 601 2068 thesi
626 2025 759 2089 semper
783 2013 937 2090 correpta
961 2003 1001 2093 ‘e’
1025 2012 1156 2070 tantum
1182 2006 1335 2082 elidatur,

398 2121 428 2178 2.
454 2111 591 2176 alterius
620 2111 771 2196 syllabae
800 2121 973 2198 correptae
998 2112 1123 2198 dactyli
1152 2112 1245 2177 elisio
1274 2121 1405 2179 tanturn
1429 2114 1464 2179 in

292 2218 378 2303 pede
404 2218 510 2304 primo
534 2218 742 2283 inveniatur:

322 2326 339 2388 1
367 2335 403 2392 tl
429 2328 522 2411 Eliye
545 2332 656 2392 atram
679 2365 723 2374 —
750 2335 788 2392 19
813 2327 941 2411 Perpr'te
964 2329 996 2392 io
1019 2365 1063 2373 —-
1087 2326 1122 2389 ΙΙ
1146 2335 1189 2393 24
1217 2327 1360 2411 Totaque
1383 2331 1430 2396 ia.

399 2433 496 2511 Quod
525 2439 636 2497 autem
667 2455 787 2498 versus
811 2433 1004 2498 Pharsaliae
1035 2441 1103 2497 tarn
1127 2433 1273 2498 molliter
1297 2435 1463 2514 defluunt,

290 2546 390 2625 poeta
413 2539 567 2626 inprimis
593 2562 632 2604 ea
655 2561 690 2603 re
715 2540 842 2618 effecit,
873 2541 963 2626 quod
988 2541 1093 2606 multo
1118 2541 1226 2626 magis
1257 2564 1357 2626 quarn
1381 2542 1464 2607 Ver-

291 2645 392 2730 gilius
411 2645 553 2710 Ovidius
572 2646 699 2710 Statius
724 2647 780 2710 alii
805 2647 1062 2732 diligentissime
1084 2649 1118 2711 in
1144 2649 1328 2734 posteriore
1345 2671 1464 2714 versus

291 2761 385 2838 parte
411 2751 606 2838 etquidem
631 2753 775 2818 maxime
799 2753 833 2817 in
860 2753 992 2818 duobus
1010 2755 1153 2839 pedibus
1178 2755 1303 2820 ultimis
1328 2779 1464 2822 concor-

291 2859 439 2924 dantiam
464 2868 622 2924 accentus
646 2861 808 2924 naturalis
834 2868 867 2926 et
890 2860 1019 2925 metrici
1043 2861 1216 2947 appetivit.

397 2969 517 3051 Itaque
548 2967 693 3053 primum
728 2990 845 3032 omnes
878 2968 950 3032 fore
983 2990 1103 3033 versus
1136 2969 1171 3033 in
1203 2991 1305 3035 voces
1335 2979 1393 3035 aut
1416 2971 1463 3037 bi·

290 3074 437 3159 syllabas
463 3080 520 3138 aut
544 3074 737 3160 trisyllabas
762 3075 852 3138 exire
877 3074 986 3152 iussit,
1012 3097 1112 3160 quam
1127 3076 1237 3161 legem
1254 3077 1289 3141 in
1307 3077 1463 3142 omnibus

291 3204 424 3266 quoque
449 3180 541 3244 Eius.
567 3181 753 3245 carminum
779 3181 935 3246 versibus
960 3181 1173 3246 observatam
1198 3205 1271 3248 esse
1297 3184 1461 3249 videmus

289 3288 356 3354 Ubi
381 3311 462 3353 vero
486 3287 521 3351 in
547 3287 613 3352 arsi
638 3288 755 3373 quinta
780 3289 1038 3373 monosyllabon
1063 3289 1247 3366 invenitur,
1277 3291 1463 3356 sententiae

290 3418 422 3480 quoque
447 3403 623 3460 accentum
648 3395 761 3460 habet:
788 3396 830 3461 cf.
856 3397 937 3460 Iruc.
959 3397 1077 3460 Phara.
1103 3396 1173 3461 VH
1192 3406 1252 3464 137
1277 3421 1345 3465 raon
1370 3405 1466 3466 vacat

292 3505 375 3570 callos
399 3511 462 3569 819
481 3525 549 3570 aaa
574 3504 667 3569 habet
690 3527 810 3570 arratam
835 3504 922 3569 Vlll
937 3513 998 3570 647
1024 3507 1130 3571 Haud
1153 3529 1206 3591 epo
1231 3508 1326 3589 culam
1343 3506 1462 3574 Libora

290 3634 366 3675 cum
392 3610 484 3674 Eine.
510 3610 587 3676 115
612 3612 952 3679 Hoadtimellrcstes
978 3621 995 3678 7
1021 3613 1109 3690 Noa,
1138 3619 1207 3680 aaa
1227 3618 1326 3699 patet.
1357 3615 1463 3680 Erras

291 3726 309 3783 8
334 3741 404 3785 aaa
428 3719 508 3784 solet
530 3741 661 3800 aeqrror.
961 3799 964 3806 ,
1177 3785 1179 3788 .

395 3825 533 3889 Maximi
558 3834 670 3890 autem
689 3826 849 3891 momenti
873 3834 934 3905 est,
961 3827 1051 3911 quod
1068 3828 1226 3892 Lucanus
1250 3827 1284 3892 in
1306 3828 1461 3893 versibus

288 3933 531 4018 componendis
555 3955 656 3998 voces
675 3957 734 4019 per
750 3956 841 3998 arses
860 3942 1012 4019 quartam
1035 3942 1068 3998 et
1086 3935 1236 4020 quintam
1254 3935 1461 4021 pertinentes

289 4037 546 4124 diligentissime
572 4041 710 4127 sprevit.
756 4041 843 4106 Nam
868 4041 967 4106 huius
999 4041 1047 4105 rei
1070 4041 1105 4105 in
1130 4050 1205 4108 octo
1229 4043 1301 4107 fere
1324 4043 1461 4110 milibus

288 4145 443 4211 versibus
471 4147 529 4212 vix
563 4147 703 4233 triginta
727 4148 880 4234 exempla
903 4148 1126 4213 inveniuntur
1154 4148 1312 4235 (Trampe
1336 4174 1367 4237 p.
1393 4155 1460 4236 32).
1579 4159 1582 4165 ’

289 4253 361 4331 Qua
377 4253 412 4318 in
430 4277 465 4317 re
482 4254 642 4320 Lucanus
659 4279 677 4320 a
695 4255 831 4340 reliquis
850 4255 967 4341 poetis,
992 4255 1145 4342 inprimis
1163 4257 1204 4320 ab
1223 4257 1336 4343 spicia,
1360 4258 1460 4324 valde
1503 4243 1506 4247 ’

288 4361 414 4425 differt.
449 4360 535 4426 (lum
553 4363 643 4448 apud
661 4385 737 4427 eum
761 4362 796 4426 in
813 4362 968 4427 versibus
992 4363 1064 4428 fere
1088 4364 1247 4429 trecentis
1272 4386 1360 4430 unus
1384 4366 1460 4431 talis

287 4490 406 4533 versus
424 4468 534 4533 exitus
547 4478 710 4549 occurrat,
723 4469 789 4535 iam
806 4469 841 4534 in
858 4478 993 4535 centum
1011 4470 1166 4536 versibus
1183 4473 1273 4558 apud
1287 4471 1459 4540 Tibullum

393 4718 416 4788 ¹)
436 4716 478 4772 Of.
498 4717 620 4790 Trampc
639 4737 665 4789 p.
679 4720 721 4774 20.

394 4808 416 4879 ²)
436 4807 478 4862 Of.
498 4807 620 4880 Trampe
639 4827 665 4879 p.
682 4809 721 4863 15.
