3544 5494
737 552 958 626 trs-35⁶·

369 767 523 840 Libertas
556 791 638 841 voro
671 771 858 860 praesentis
896 765 1058 858 temporis
1094 763 1158 838 hoo
1196 786 1329 859 quoquo
1361 761 1436 839 loeo

263 881 423 947 irridetur
445 882 500 946 IX
527 890 628 949 1106:

637 988 853 1054 Abscondunt
874 988 1012 1072 qeuitars
1037 993 1068 1053 et
1084 992 1218 1070 pectora
1242 989 1328 1052 laeta

422 1095 547 1161 Froute
571 1100 684 1180 loquat
706 1096 891 1178 hilaresque
913 1094 1008 1179 uefas
1031 1099 1177 1177 spectare
1200 1100 1382 1177 orueutura,

425 1203 557 1268 Oboua
581 1201 732 1269 libertas!
755 1225 827 1268 ouru
852 1200 974 1267 Caesar
997 1201 1116 1286 luqeat,
1141 1205 1274 1268 audeat.

370 1310 586 1376 Conferenda
620 1332 754 1395 quoque
789 1318 841 1374 est
874 1309 979 1375 oratio
1014 1308 1150 1374 Pothini
1174 1309 1263 1376 VIII
1286 1317 1351 1376 484
1375 1329 1436 1394 sq„

262 1416 416 1504 inprimis
445 1439 502 1482 vv.
534 1424 595 1483 491
623 1438 684 1502 sq„
710 1415 767 1502 qui
790 1417 834 1481 ad
857 1415 972 1482 matris
997 1417 1134 1482 caedem
1157 1416 1346 1503 portinent:

423 1524 574 1588 Libertas
597 1525 754 1590 scelerum
779 1529 833 1606 est,
859 1546 942 1607 quae
963 1545 1065 1608 requa
1088 1524 1198 1590 iuuisa
1222 1529 1342 1607 tuetur,
1445 1569 1454 1590 1

422 1630 643 1712 Sublatusque
665 1634 781 1697 ruodus
803 1631 934 1716 pladiis.
959 1631 1084 1696 Furore
1105 1633 1214 1698 ouuia
1237 1653 1330 1697 saeue

422 1737 499 1803 Nou
522 1738 648 1821 iupuue
672 1738 754 1821 lieet,
779 1738 848 1804 uisi
871 1761 943 1804 eura
966 1737 1060 1822 facis.
1086 1737 1198 1804 Exeat
1220 1739 1309 1822 aula,

425 1843 491 1924 Qu·
513 1847 580 1910 uolt
603 1867 670 1911 esse
688 1846 779 1928 pius.
804 1846 917 1911 Virtus
941 1852 972 1911 et
993 1868 1120 1912 surarua
1141 1851 1285 1929 potestas
1322 1866 1323 1870 ’

422 1951 500 2017 Nou
524 1957 655 2036 ooeuut;
678 1975 803 2036 semper
825 1957 954 2036 metuet,
979 1975 1072 2036 quem
1095 1975 1192 2019 saeua
1210 1954 1394 2037 pudebuut.

368 2058 502 2124 Deinde
527 2060 578 2125 VI
603 2069 665 2127 719
690 2082 739 2146 sq.
765 2067 917 2146 spectare
940 2060 1168 2126 videaturad
1193 2060 1284 2126 illam
1310 2060 1435 2148 Agrip·

262 2164 362 2251 pinae
385 2167 535 2232 manium
560 2168 803 2245 evocationem,
833 2169 928 2234 cuius
953 2169 1045 2233 Suet.
1072 2168 1149 2233 Ner.
1180 2191 1250 2255 cap.
1277 2177 1319 2236 34
1342 2192 1434 2234 men·

261 2271 388 2337 tionem
412 2273 509 2338 facit:
545 2275 660 2362 Neque
684 2280 791 2341 taraeu
814 2276 1043 2341 ooasoieatiara
1066 2275 1205 2358 seeleris,
1239 2298 1434 2358 quamquam

264 2384 294 2444 et
315 2381 457 2445 militum
482 2386 512 2446 et
526 2387 662 2447 seuatus
680 2383 862 2465 populique
877 2383 1155 2466 qratulatiouibus
1175 2381 1432 2466 ooufirraaretur,

263 2493 324 2554 aut
349 2488 460 2552 statiui
488 2493 549 2553 aut
570 2511 724 2571 uruquaur
748 2496 863 2571 postea
889 2489 977 2574 ferre
999 2491 1112 2572 potuit
1144 2512 1240 2572 saepe
1267 2489 1434 2574 coufessus

263 2594 428 2678 euaqitari
449 2616 483 2659 se
506 2599 654 2661 uaterua
678 2596 782 2677 speeie
801 2597 1049 2678 uerberibusque
1075 2597 1245 2682 furiarum
1268 2619 1306 2662 ao
1331 2597 1434 2662 taedis

228 2736 230 2745 ·
263 2702 462 2766 ardeutibus
505 2701 593 2780 Quiu
618 2708 648 2766 et
669 2701 755 2784 facto
774 2724 838 2785 per
860 2725 969 2787 raaqos
997 2724 1089 2769 sauro
1113 2725 1243 2769 eoooore
1265 2725 1378 2769 raaues
1403 2709 1433 2768 et

264 2831 399 2875 eolorare
423 2807 567 2874 teataoit.
