3544 5494
815 608 1015 666 ...3-

327 837 392 902 que
420 836 532 901 opere,
564 813 655 900 quod
684 819 761 900 poet
783 813 835 878 Id.
860 813 942 878 Dec.
968 812 1047 877 anni
1066 822 1107 879 55
1131 813 1166 877 in
1190 814 1298 878 lucem
1332 813 1500 900 prodiit¹)‚

326 923 456 988 Seneca
478 921 649 986 Neronem
674 921 884 998 adulabatur,
915 920 1014 986 iniis
1044 920 1119 985 dico
1148 920 1499 997 commentationibue,

326 1051 408 1115 quas
434 1029 476 1093 de
500 1027 678 1093 clementia
707 1027 749 1092 ad
778 1026 1015 1113 imperatorem
1043 1027 1144 1092 misit.
1193 1027 1279 1092 ΟΜ
1307 1039 1371 1106 1,2
1396 1028 1500 1093 Jriuat

325 1138 383 1218 (sc.
408 1142 453 1212 te,
484 1135 668 1218 Neronem)
700 1186 705 1197 .
733 1186 739 1197 .
766 1185 772 1197 .
797 1134 845 1200 ita
874 1133 963 1215 loqui
991 1156 1115 1200 secum:
1143 1135 1256 1218 Epoue
1283 1158 1324 1200 ea
1352 1136 1500 1200 omuibus

325 1243 517 1307 mortalibus
540 1242 658 1324 placari
687 1243 868 1323 electusque
897 1263 980 1323 sirm,
1011 1241 1128 1322 quiin
1158 1240 1253 1306 torris
1277 1245 1410 1307 deorum
1433 1243 1501 1307 oica

325 1349 503 1434 suuperer?
535 1358 569 1414 et
592 1349 689 1425 I1,6
714 1335 788 1413 'sea
817 1349 933 1432 iupeus
966 1348 1024 1414 tibi
1057 1370 1139 1412 caus
1174 1349 1376 1430 imposuisti:
1408 1371 1499 1414 uerae

325 1456 391 1521 iam
424 1456 536 1521 divum
565 1454 753 1540 Aupuslum
786 1477 843 1521 uso
875 1455 999 1520 Tiberii
1031 1453 1183 1520 Caesaris
1210 1455 1322 1537 prima
1356 1457 1500 1538 tempora

326 1564 481 1646 loquitur.

432 1673 464 1735 A
482 1670 611 1734 Seneca
626 1669 710 1734 alter
728 1669 827 1734 liuius
844 1669 962 1734 aetatis
980 1677 1079 1755 poeta
1096 1669 1235 1755 pendet:
1257 1668 1499 1755 Calpurnius),

326 1777 422 1842 cuius
440 1777 633 1862 eclogarum
650 1785 718 1841 tres
735 1776 852 1842 laudes
869 1775 1079 1862 imperatoris
1097 1776 1273 1842 continent
1296 1776 1402 1854 LIV,
1420 1776 1498 1842 VII.

327 1885 475 1963 Quarum
512 1883 652 1970 primam
687 1891 849 1948 autumno
884 1882 964 1948 anni
993 1891 1035 1950 54
1068 1884 1294 1970 conscriptam
1328 1905 1403 1948 esse
1435 1883 1499 1948 viri

326 1991 417 2057 docti
446 1991 551 2076 vulgo
575 1997 724 2055 censent.
777 1990 874 2069 Quod
900 1998 989 2054 recte
1018 2012 1053 2056 se
1083 1991 1208 2056 habere
1236 1999 1357 2078 potest,
1386 2013 1500 2076 quam·

326 2120 426 2183 quam
463 2107 580 2163 auctor
614 2099 677 2162 hac
711 2098 746 2162 in
782 2099 900 2181 ecloga
935 2105 1049 2184 aperte
1079 2098 1227 2162 Senecae
1257 2099 1299 2162 de
1323 2097 1501 2162 clementia

326 2204 431 2268 libros
456 2204 579 2269 imitari
603 2204 748 2269 videtur.
795 2204 836 2267 Id
866 2203 954 2268 enim
979 2205 1124 2268 fortasse
1152 2203 1217 2268 iam
1243 2226 1282 2269 eo
1306 2205 1499 2282 concludere,

326 2312 416 2396 quod
452 2310 597 2396 plurima
629 2311 701 2374 laus
735 2311 945 2396 imperatoris
979 2310 1176 2375 clementiae
1210 2319 1405 2377 consecrata
1438 2320 1499 2389 est,

326 2418 368 2482 ci.
394 2440 450 2482 vv.
471 2428 511 2485 58
530 2441 578 2504 sq.
626 2419 805 2483 Praeterea
829 2418 903 2504 ipsa
926 2418 1031 2483 verba
1054 2418 1225 2482 interdum
1250 2441 1325 2482 cum
1351 2419 1500 2484 Senecae

325 2525 502 2589 sententiis
527 2533 735 2610 congruunt:
760 2526 802 2589 cl.
825 2526 902 2589 Sen,
920 2526 1015 2602 11‚4
1039 2525 1172 2609 lapibus,
1198 2547 1281 2607 qrras
1306 2547 1346 2590 em
1369 2527 1437 2592 situ
1462 2548 1499 2591 ac

326 2633 464 2698 tenebris
488 2632 525 2698 iu
549 2635 651 2698 lucau
676 2633 802 2698 evocavi
826 2655 902 2697 cum

326 2738 419 2825 Oalp.
444 2742 516 2807 143

431 2846 479 2910 Et
500 2848 587 2912 redit
610 2851 653 2911 art
678 2853 782 2912 terras
807 2851 936 2911 taudem
960 2851 1112 2930 squalore
1134 2849 1265 2928 situque

432 2954 531 3018 Alma
554 2954 683 3018 Tlremis
701 2954 808 3035 posito

326 3069 359 3122 et
382 3060 453 3126 171
564 3065 620 3126 sert
642 3061 765 3144 lapibus
789 3082 881 3125 omue
906 3060 1050 3125 reductis

430 3166 496 3230 Jus
521 3168 636 3234 aderit.

432 3273 565 3338 Deinde
594 3275 709 3340 SenI
736 3284 802 3351 1‚3
832 3273 1017 3356 Caudinam,
1047 3275 1143 3339 immo
1172 3275 1381 3340 constrictam
1409 3278 1501 3357 apud

324 3404 374 3446 me
396 3381 523 3463 ferream
552 3387 606 3446 est.
637 3381 838 3446 severitatem
862 3381 1016 3464 abditam,
1046 3381 1247 3446 clementiam
1271 3382 1308 3444 iu
1326 3381 1500 3462 prociuata

325 3489 421 3553 habeo

326 3617 402 3660 cum
428 3595 519 3681 Oalp.
537 3596 609 3663 159

560 3703 696 3768 iusauos
719 3704 888 3768 clementia
913 3705 1062 3769 couturtit
1086 3725 1176 3767 cusas

325 3817 359 3873 et
376 3819 417 3876 63
434 3810 542 3874 Pteria
565 3811 656 3892 arcies
680 3811 795 3893 aderit,
821 3833 904 3894 arrae
926 3811 1033 3876 stricti
1055 3810 1165 3874 mesaia
1188 3809 1279 3893 ferri.

432 3917 525 3981 Haec
554 3925 665 3982 autem
696 3919 847 4002 quaestio
884 3917 1042 3982 facillime
1076 3925 1228 4003 respecta
1259 3917 1410 3981 oratione
1441 3917 1500 3981 illa

325 4023 479 4101 solvitur,
504 4047 603 4109 quam
621 4025 710 4088 Nero
729 4024 870 4090 Claudio
887 4033 1020 4088 mortuo
1037 4023 1073 4087 in
1090 4023 1183 4088 curia
1200 4023 1327 4088 habuit.
1363 4022 1499 4089 Tacitus

326 4132 415 4196 enim
432 4132 613 4196 memoriae
626 4133 766 4197 tradidit
778 4133 1015 4218 imperatorem
1027 4130 1192 4218 imprimis
1206 4131 1402 4197 clementiae
1419 4154 1499 4196 suae

325 4239 531 4304 mentionem
548 4239 684 4304 fecisse:
704 4240 745 4303 ct.
765 4263 842 4303 ann.
855 4239 981 4306 XIII4
1004 4241 1100 4304 uuita
1116 4240 1201 4321 odia,
1226 4241 1339 4306 aralius
1355 4238 1500 4304 iuiurias

324 4369 383 4412 uec
406 4346 594 4428 cupidinem
618 4347 759 4411 uitioues
783 4346 914 4429 adferre
939 4397 945 4409 .
972 4398 978 4410 .
1006 4398 1012 4410 .
1042 4368 1109 4410 uou
1133 4347 1218 4411 euim
1242 4369 1275 4411 se
1298 4346 1499 4431 uapotiorum

325 4453 469 4518 omnium
493 4453 634 4519 iudicem
662 4454 742 4536 fore,
772 4459 812 4518 ut
834 4454 936 4520 clusis
959 4475 1061 4518 uuum
1089 4453 1180 4519 iutra
1208 4457 1338 4519 domum
1368 4475 1499 4519 aco'usa-

431 4631 454 4701 ¹)
474 4630 516 4683 Oi.
537 4631 656 4697 Gercke‚
676 4630 922 4686 Seneca-Studien
943 4650 969 4702 p.
983 4632 1043 4685 292.

432 4719 454 4789 2)
473 4719 561 4774 Hunc
580 4719 704 4774 Neronis
728 4738 801 4774 aevo
820 4720 955 4775 floruisse
980 4725 1047 4791 post
1066 4720 1198 4792 Sarpium
1221 4720 1395 4776 firmissimis
1414 4739 1500 4794 argu-

326 4809 433 4862 mentis
452 4807 586 4880 probavit
604 4809 713 4880 Haupt,
734 4827 832 4882 opusc.
851 4811 990 4883 1358sq.
