3544 5494
714 514 935 583 mm„

236 729 380 811 illorum,
406 733 464 820 qui
487 731 529 798 de
553 730 683 806 Lucani
707 730 920 818 philosophia
944 729 1195 818 scripserunt¹)‚
1226 729 1291 796 hoc
1315 749 1414 817 opus-

138 854 140 859 '
238 841 350 906 culum
367 864 444 907 cum
461 842 599 905 Lucano
617 839 835 925 comparavit.
874 840 1005 925 Itaque,
1023 847 1187 924 quantum
1203 839 1246 904 ad
1263 846 1414 903 nostram

78 946 81 983 ²
131 1020 133 1024 ,
239 948 469 1035 quaestionem
495 947 654 1033 pertinet,
679 946 832 1032 singulos
855 946 948 1012 locos
973 953 1007 1010 et
1030 953 1150 1033 poetae
1173 945 1266 1010 Elina.
1292 954 1326 1010 et
1348 944 1415 1010 Lu-

238 1055 313 1120 cani
337 1079 414 1120 cum
437 1055 550 1120 libello
575 1054 633 1120 illo
658 1053 800 1119 Cornuti
823 1053 1005 1119 conferam.
1032 1123 1034 1127 ,

145 1152 147 1156 ¹
260 1159 264 1168 '
347 1162 490 1227 Auctori
514 1161 673 1227 carminis
690 1161 784 1226 Eius.
801 1159 962 1247 Juppiter
985 1183 1082 1226 mens
1106 1168 1167 1239 est,
1193 1183 1278 1246 quae
1303 1183 1416 1226 amore

239 1292 299 1356 per
321 1277 431 1335 totum
455 1269 621 1334 mundum
646 1267 875 1355 perfunditur,
900 1268 978 1333 cf.I
1003 1279 1044 1336 22

399 1377 548 1442 Maxime
571 1377 721 1441 divorum
745 1375 889 1458 caelique
913 1382 1045 1441 aeterno
1064 1381 1210 1458 potestus

333 1493 375 1550 27
615 1484 697 1549 caeti
719 1505 810 1548 meas

273 1625 299 1654 ,ι
335 1600 376 1658 29
617 1591 694 1656 tntis
717 1591 832 1656 divina
851 1595 1006 1673 potestus,

320 1684 321 1688 ¹
403 1697 494 1777 Quae
516 1699 633 1782 penuit
654 1700 815 1763 meandum
838 1703 1021 1780 septemque
1043 1698 1190 1763 intexuit
1213 1698 1298 1763 orbis

400 1804 550 1885 Artificis
574 1807 705 1890 eoau32)
732 1810 886 1882 ettotam
909 1805 1021 1870 miscet
1041 1828 1158 1871 amore.
1219 1779 1233 1804 ὁ

346 1914 505 1979 Eundem
521 1913 641 1978 mundi
663 1936 809 1979 amorem
827 1914 986 1978 Lucanus
1009 1913 1202 1999 adloquitur
1216 1914 1269 1979 IV
1287 1923 1348 1980 189
1366 1935 1416 1997 sq.

398 2021 499 2087 Nunc
523 2025 610 2104 actea,
636 2026 766 2086 aeterno
790 2023 994 2103 conplectens
1017 2021 1127 2086 omniu
1149 2043 1248 2103 nexu,

402 2127 429 2194 0
452 2151 562 2194 rerum
585 2128 745 2210 mixtique
768 2129 862 2194 satus
885 2129 1057 2194 eoncordia
1080 2128 1199 2193 mundi

400 2236 448 2301 Et
468 2258 561 2301 sacer
584 2236 670 2302 orbis
694 2258 793 2302 umor.

279 2357 281 2368 ·
348 2341 399 2406 Cf.
424 2343 626 2408 sententiam
651 2344 693 2408 de
717 2343 807 2410 Jove
831 2344 864 2410 V
888 2353 930 2411 93
947 2366 996 2429 sq.
1021 2342 1186 2429 prolatam

507 2450 640 2515 Forsan
664 2451 761 2516 terris
783 2451 909 2516 inserte
931 2450 1082 2535 rependis

402 2554 486 2620 Aere
510 2557 664 2621 libratam
687 2579 788 2623 οοοαο
812 2579 895 2639 qaae
918 2557 1060 2622 sustinet
1082 2557 1197 2639 orbem,

281 2703 283 2710 ·
401 2661 516 2726 Totius
534 2683 618 2744 pura
641 2685 760 2747 moena
784 2663 877 2729 Jocis
901 2662 1059 2729 Cirrhaea
1077 2686 1140 2746 per
1164 2668 1262 2729 antra

402 2769 488 2834 Eae
511 2775 542 2834 et
564 2770 704 2835 aetherio
729 2770 873 2835 trahitur
896 2793 1019 2837 conexa
1041 2771 1194 2838 Tonanti.

349 2876 479 2955 Quibus
508 2899 584 2942 eum
613 2877 695 2942 locis
727 2879 810 2943 haec
834 2875 975 2943 Cornuti
1002 2879 1107 2945 verba
1136 2879 1306 2945 conferas:
1336 2901 1368 2965 p.
1387 2888 1417 2957 9,

245 2992 328 3067 lsq.
352 2984 460 3068 Lang.
486 2987 502 3050 ὁ
526 2985 604 3062 Ζεὺς
633 2988 740 3072 πατὴρ
769 2987 895 3071 λέγεται
919 2988 1015 3052 θεῶν.
1040 3009 1072 3072 p.
1091 2995 1121 3064 3,
1146 2993 1232 3071 4sq.
1258 2989 1274 3052 ὁ
1298 2987 1419 3073 κόσμος

243 3091 349 3176 ψυχὴν
374 3094 441 3177 ἔχει
464 3094 522 3177 τὴν
547 3094 747 3178 συνέχουσαν
772 3095 877 3170 αὐτὸν,
902 3097 958 3156 καὶ
983 3098 1063 3178 αὕτη
1087 3095 1235 3158 καλεῖται
1258 3094 1336 3171 Ζεύς
1359 3146 1365 3159 .
1385 3146 1418 3159 ..

242 3196 301 3260 Δία
326 3199 361 3261 δὲ
386 3201 480 3264 αὐτὸν
503 3199 675 3285 καλοῦμεν,
700 3202 746 3263 ὅτι
770 3199 808 3263 δι’
839 3203 932 3264 αὐτὸν
956 3201 1075 3285 γίνεται
1098 3204 1155 3264 καὶ
1180 3202 1316 3287 σῴζεται
1339 3203 1418 3266 πάν-

242 3328 282 3369 τα
313 3358 318 3369 .
348 3310 438 3392 παρὰ
472 3307 507 3371 δέ
544 3329 606 3371 τισι
638 3310 694 3370 καὶ
726 3307 805 3384 Δεὺς
838 3307 965 3393 λέγεται
1002 3309 1088 3394 τάχα
1122 3311 1185 3372 ἀπὸ
1223 3320 1277 3374 τοῦ
1317 3310 1418 3374 δεύειν

242 3414 300 3496 τὴν
324 3423 384 3498 γῆν
411 3466 417 3478 .
445 3466 450 3478 .
478 3465 484 3478 .
511 3467 517 3478 .
542 3416 640 3479 οἰκεῖν
665 3417 701 3479 δὲ
725 3418 758 3480 ἐν
782 3425 825 3500 τῷ
850 3417 975 3501 οὐρανῷ
1000 3415 1137 3501 λέγεται,
1167 3418 1236 3480 ἐπεὶ
1260 3418 1331 3480 ἐκεῖ
1352 3418 1419 3480 ἐστι

225 3522 277 3584 «τὸ
301 3520 496 3605 κυριώτατον
523 3522 616 3607 μέρος
639 3532 696 3606 τῆς
712 3534 766 3586 τοῦ
790 3523 914 3609 κόσμου
932 3523 1046 3608 ψυχῆς.
1071 3544 1102 3608 ρ.
1127 3531 1236 3600 11,18
1260 3521 1419 3588 Ἀκολού-

244 3629 311 3705 neg
336 3629 372 3692 δὲ
394 3629 513 3704 τούτοις
536 3629 742 3714 λέγεταικαὶ
765 3631 811 3692 ὅτι

350 3735 549 3822 πάντ’ἐφορᾷ
574 3736 644 3812 Διὸς
668 3737 836 3821 ὀφθαλμὸς
859 3740 915 3800 καὶ
938 3736 1030 3802 πάντ’
1061 3739 1223 3802 ἐπακούει.

350 3853 417 3920 πῶς
440 3847 502 3929 γὰρ
527 3843 590 3908 οἶόν
614 3844 649 3908 τέ
673 3846 740 3908 ἐστι
763 3845 821 3928 τὴν
847 3845 1051 3909 διαστάντων
1076 3845 1254 3930 διήκουσαν
1285 3846 1416 3931 δύναμιν

245 3948 418 4015 λανθάνειν
446 3974 474 4015 τι
498 3961 558 4016 τῶν
584 3954 684 4036 ἐντῷ
710 3952 821 4037 κόσμῳ
846 3952 1034 4037 γινομένων;

353 4056 421 4120 Sed
451 4080 525 4122 oum
551 4057 712 4143 Juppiter
745 4079 841 4122 mens
866 4058 986 4122 mundi
1020 4057 1171 4122 universi
1200 4058 1253 4134 sit,
1288 4056 1418 4142 reliqui,

246 4183 331 4248 quos
349 4164 494 4249 populus
512 4165 629 4243 credit,
648 4164 682 4229 di
696 4164 817 4230 Stoicis
834 4165 935 4230 huius
952 4165 1113 4250 temporis
1130 4164 1267 4230 nomina
1285 4163 1420 4228 diversa

351 4324 374 4394 1)
394 4323 432 4376 M.
453 4322 602 4391 Sourieam
621 4325 665 4379 De
680 4324 800 4379 deorum
813 4325 980 4379 ministeriis
993 4325 1022 4376 in
1036 4324 1192 4378 Pharsalia.
1211 4323 1329 4377 Parisiis
1342 4322 1418 4376 1885.

244 4411 289 4465 Fr.
303 4412 390 4479 Oettl,
403 4412 521 4466 Lucana
534 4413 768 4484 philosophische
781 4413 1063 4484 Weltanschauung.
1078 4413 1185 4467 Brixen
1198 4412 1275 4466 1888.
1295 4410 1419 4478 Millard,

245 4501 359 4555 Lucani
379 4503 525 4557 sententia
544 4502 580 4557 de
600 4502 661 4556 deis
681 4508 711 4558 et
729 4503 798 4556 fato.
818 4502 942 4556 Traiecti
961 4520 985 4556 a.
1006 4503 1060 4555 Rh.
1081 4502 1157 4556 1891.
1212 4551 1213 4560 ,

351 4594 375 4662 2)
394 4591 490 4645 Etiam
508 4591 584 4645 hanc
603 4590 639 4645 de
658 4597 770 4662 septem
784 4592 966 4662 planetarum
985 4591 1114 4662 sphaeris
1127 4589 1289 4644 doctrinam
1307 4590 1364 4642 iam
1383 4590 1419 4643 ab

245 4679 403 4734 Aristotele
422 4681 564 4751 prolatam
583 4679 674 4735 Stoici
692 4681 862 4752 probabant,
882 4681 918 4734 cf.
938 4680 1041 4747 Zeller,
1068 4679 1234 4751 Philosoph.
1259 4678 1286 4732 d.
1306 4678 1419 4734 Griech.

244 4771 292 4825 III
312 4770 348 4824 1³
367 4788 394 4842 p.
409 4769 469 4824 187.
1460 4781 1463 4788 ’

1239 4859 1256 4912 2
