3544 5494
828 587 1050 661 ..49-

354 803 442 876 asiai
462 803 560 875 Mida
583 827 643 874 rer
666 803 773 874 tabet’
796 805 834 874 ia
858 827 931 873 eam
954 807 1084 874 modum
1101 827 1121 874 α
1138 801 1281 876 Cornuto
1304 803 1375 892 ipso
1398 808 1525 875 tantam

353 917 483 983 nomiae
498 921 622 982 mutato
641 921 688 981 eat
704 919 893 982 emendatas
910 916 1096 982 ‘auriculas
1112 917 1201 982 asiai
1213 917 1287 1000 qaia
1302 939 1369 982 aaa
1384 916 1523 1000 rebar,

352 1046 394 1089 rra
409 1024 466 1089 hoe
482 1023 520 1088 ira
542 1045 577 1089 ae
591 1022 679 1089 Nero
703 1023 827 1089 dietum
850 1024 1076 1090 arbitraretur.
1117 1023 1209 1103 Quae
1225 1024 1330 1090 verbe
1345 1024 1380 1090 in
1397 1024 1525 1090 scholio

354 1131 434 1198 adI
460 1139 521 1198 121
553 1130 625 1195 fere
653 1129 772 1196 iterata
800 1153 819 1196 a
848 1129 1028 1197 scholiasta
1061 1131 1207 1216 quodam
1236 1131 1339 1199 sciolo
1368 1131 1525 1219 antiquae

353 1238 443 1304 vitae
473 1236 588 1304 addita
616 1258 689 1302 esse
712 1236 778 1303 viri
807 1235 897 1302 docti
921 1236 1167 1316 existimabant,
1204 1259 1281 1303 eum
1304 1260 1373 1304 non
1395 1237 1525 1303 intelle·

354 1351 485 1432 gerent,
509 1366 569 1410 aur
592 1345 682 1410 Nero
706 1345 798 1410 huno
820 1366 957 1410 versum
975 1344 1017 1409 ad
1042 1365 1078 1410 se
1103 1343 1271 1431 pertinere
1296 1344 1523 1410 arbitraretur.

353 1451 467 1518 Facile
496 1460 609 1518 autem
638 1452 674 1518 id
703 1475 731 1518 a.
757 1451 869 1531 62t63,
900 1474 965 1538 quo
990 1451 1092 1518 editio
1121 1451 1298 1519 satirarum
1326 1475 1346 1518 a
1374 1451 1524 1519 Cornuto

352 1559 408 1625 vel
437 1559 549 1646 potius
579 1558 698 1625 Caesio
721 1557 829 1627 Basso
858 1567 974 1625 curata
997 1559 1131 1646 prodiit,
1161 1560 1298 1625 eredere
1326 1565 1467 1646 poterat,
1496 1559 1524 1624 ai

354 1689 381 1732 a.
409 1675 451 1734 60
474 1667 633 1732 Lucanus
658 1689 736 1732 eum
759 1665 794 1732 in
819 1689 964 1753 persona
987 1666 1100 1732 Midae
1123 1666 1312 1732 induxerat.
1353 1666 1406 1731 Ita
1426 1674 1525 1752 poeta

353 1773 426 1860 ipse
450 1773 589 1840 arbitrio
611 1773 759 1840 cohibito
775 1773 969 1862 imperatori
993 1773 1200 1839 commisisse
1224 1773 1370 1851 videtur,
1386 1779 1424 1838 ut
1439 1771 1524 1838 iudi-

354 1887 454 1958 caret,
483 1888 559 1946 uter
589 1887 688 1967 poeta
717 1881 828 1967 palma
855 1879 1035 1947 donandus
1059 1889 1158 1946 esset.

459 1987 553 2053 Haeo
576 2010 778 2074 quamquam
802 1988 893 2054 hand
916 1987 964 2053 ita
986 1987 1075 2052 levia
1098 2009 1172 2052 eese
1204 1987 1375 2066 videntur,
1405 1993 1523 2052 cautus

352 2102 496 2171 tantum,
525 2117 570 2159 ne
592 2094 791 2160 temeritatis
816 2094 949 2182 culpam
972 2096 1179 2173 contraham,
1216 2101 1250 2160 at
1283 2094 1354 2160 iere
1384 2093 1523 2159 timidus

285 2223 287 2230 ’
353 2200 489 2267 adnoto.
1310 2202 1319 2214 ‘'
