3544 5494
816 557 1038 627 ...43-

342 775 395 845 Ita
423 776 522 845 etiam
552 774 627 844 fieri
661 773 780 866 potuit,
813 785 852 843 ut
883 775 963 842 finis
997 777 1038 843 ab
1072 783 1214 863 utroque
1247 785 1381 864 pastore
1413 771 1513 843 simul

344 895 521 952 caneretur
530 887 562 971 1).

451 993 519 1058 Sed
552 993 696 1058 fortasse
724 994 806 1057 haec
839 992 1023 1056 difficultas
1057 993 1119 1057 hoc
1152 992 1253 1057 modo
1285 991 1357 1057 tolli
1393 998 1512 1078 potest.

344 1102 477 1167 Scimus
490 1100 553 1167 sub
569 1099 722 1186 personis
739 1107 911 1185 pastorum
927 1100 963 1163 in
980 1099 1184 1164 carminibus
1203 1098 1363 1164 bucolicis
1380 1098 1513 1184 saepius

344 1209 500 1294 aequales
534 1215 650 1294 poetas
682 1206 795 1272 latere.
844 1205 1024 1285 Quaerenti
1059 1205 1173 1292 igitur,
1209 1229 1386 1292 quemnam
1417 1215 1515 1292 poeta

344 1317 379 1382 in
397 1314 489 1380 Mida
505 1313 616 1379 iudice
639 1313 830 1379 describere
846 1313 1000 1389 voluerit,
1025 1313 1187 1378 nonnulla
1212 1320 1411 1398 argumenta
1434 1313 1515 1378 mihi

346 1423 480 1489 obviam
514 1443 550 1485 se
585 1421 763 1496 dederunt,
798 1443 882 1506 quae
915 1419 1058 1484 fortasse
1092 1420 1242 1506 pondere
1275 1441 1343 1485 non
1377 1440 1515 1505 prorsus

346 1539 469 1596 carent.
510 1529 686 1593 Lucanum
710 1527 800 1592 enim
825 1535 859 1592 et
881 1526 915 1590 in
934 1526 986 1591 his
1011 1527 1214 1592 carminibus
1239 1525 1399 1592 bucolicis
1424 1533 1458 1590 et
1480 1525 1515 1590 in

346 1636 493 1702 carmine
522 1635 617 1722 epico
650 1634 850 1699 imitatorem
882 1633 1056 1720 Calpurnii
1090 1633 1386 1721 deprehendimus
1420 1633 1516 1698 cuius

346 1744 496 1808 carmina
519 1743 617 1807 annis
639 1750 768 1810 54-57
794 1742 1002 1827 prodierunt.

347 1852 389 1917 cf.
415 1851 507 1916 Eins.
524 1851 572 1918 12
819 1852 862 1914 da
886 1870 1022 1914 uacrrarn
1041 1849 1159 1930 pueris
1175 1849 1374 1914 certantibus
1394 1869 1515 1912 aurern.

414 1959 506 2045 Oalp.
523 1958 575 2022 IV
592 1965 632 2024 47
647 1979 695 2043 sq.
826 1979 893 2021 non
916 1957 986 2038 ipse
1009 1959 1104 2022 daret
1124 1956 1205 2021 uitri
1227 1955 1369 2040 forsitan
1393 1977 1516 2037 aurem,

720 2063 798 2146 Ipse
822 2068 903 2129 deus
925 2086 1071 2128 uacuam.

414 2174 507 2239 Eins.
525 2174 542 2237 I
560 2182 598 2240 13
726 2171 814 2252 Quid
826 2172 920 2236 iuuat
931 2171 1060 2236 insanis
1073 2173 1175 2236 luceru
1195 2193 1382 2236 consumere
1392 2169 1519 2236 uerbis?

415 2281 508 2367 Calp.
525 2280 576 2344 VI
588 2289 629 2346 27
723 2279 788 2344 Sea
799 2279 880 2360 quid
891 2301 974 2361 opus
985 2300 1072 2343 uana
1084 2300 1270 2344 consumere
1282 2284 1424 2360 tempora
1440 2275 1519 2342 tite?

414 2388 508 2452 Eins.
525 2387 591 2452 111
729 2385 817 2466 Quid
841 2387 960 2452 tacitus
982 2385 1130 2470 Mystes?

417 2494 509 2580 Oalp.
526 2494 608 2559 IVl
730 2492 818 2572 Quid
842 2494 961 2559 tacitus
984 2492 1156 2578 Corydon?

416 2601 509 2668 Eius.
523 2601 559 2665 ΙΙ
574 2610 613 2668 13
726 2600 880 2665 Venimus
903 2606 934 2665 et
957 2607 1063 2666 tenero

418 2709 511 2796 Calp.
528 2708 579 2772 VI
592 2718 633 2776 69
727 2708 880 2772 Venimus
909 2713 940 2773 et
968 2708 1063 2773 tacito

416 2816 510 2882 Eius.
528 2816 564 2879 ΙΙ
579 2825 619 2882 16
1304 2817 1422 2881 inbuat
1444 2837 1520 2882 aras

417 2923 511 3009 Galp.
527 2923 616 2989 Π67
1294 2923 1412 2988 induat
1445 2945 1522 2988 aras

418 3030 512 3095 Eine.
529 3030 565 3094 Π
578 3039 620 3096 22
1295 3051 1397 3096 aurea
1420 3052 1522 3114 reana

420 3137 512 3224 Onlp.
530 3138 603 3204 164
730 3136 846 3228 Altera
868 3137 1009 3203 Saturni
1031 3137 1150 3221 referet
1171 3138 1321 3204 Latialia
1344 3159 1454 3223 reyna.

530 3245 603 3313 142
731 3244 845 3310 Aurea
867 3267 983 3311 secura
1007 3268 1079 3312 euru
1103 3268 1187 3328 paee
1214 3247 1400 3312 renascitur
1422 3229 1520 3311 aetas.

422 3352 512 3417 Elina.
529 3353 620 3419 1126
1129 3376 1233 3438 pecus
1256 3360 1345 3419 errat
1366 3354 1403 3418 iu
1426 3353 1523 3418 herba

421 3460 515 3546 Calp.
533 3459 598 3527 Vb
735 3459 826 3539 Quas
854 3482 964 3526 errare
991 3460 1081 3526 uides
1104 3461 1191 3527 inter
1214 3465 1346 3527 dumeta
1370 3461 1521 3543 capellas.

421 3693 504 3759 Luc.
522 3694 571 3760 13
732 3691 778 3757 In
805 3715 867 3758 sua
894 3693 1021 3760 uictrici
1049 3715 1236 3759 conuersum
1259 3694 1383 3759 uiscera
1406 3694 1524 3756 deutra

423 3800 516 3887 Oalp.
533 3801 606 3868 148
734 3799 780 3864 Iu
807 3822 870 3865 sua
897 3822 1032 3866 uesanos
1061 3801 1220 3882 torquebit
1245 3800 1369 3865 uiscera
1397 3821 1524 3865 morsus

423 3910 496 3994 (sed
509 3908 588 3976 vide
601 3907 738 3987 Hosius,
754 3907 808 3973 De
820 3908 902 3973 imit.
916 3917 1003 3995 poet.
1018 3909 1116 3975 Rom.
1131 3908 1305 3996 Gryphiao
1321 3917 1403 3975 1907
1422 3931 1453 3995 p.
1469 3910 1523 3992 17)

463 4124 486 4194 1)
504 4123 645 4194 Legimus
669 4123 698 4175 in
723 4123 832 4176 Donati
851 4123 913 4176 vita
931 4122 1017 4193 Verg.
1037 4123 1071 4176 41
1092 4123 1177 4177 haec:
1202 4124 1331 4180 Bucolica
1355 4142 1383 4180 eo
1404 4139 1526 4179 maresan

358 4217 453 4278 edidit,
470 4221 502 4271 ut
514 4216 546 4271 in
563 4233 661 4271 scaena
679 4232 780 4285 quoque
789 4233 841 4284 per
858 4220 980 4269 cantores
993 4216 1085 4270 erebra
1101 4213 1325 4286 pronuntiatione
1336 4215 1525 4269 recitarentur.

357 4304 455 4374 Atque
473 4307 704 4357 consentaneum
718 4306 763 4356 est
775 4301 844 4355 talia
862 4303 988 4354 carmina
1000 4301 1084 4356 velut
1096 4302 1182 4372 Verg.
1197 4300 1249 4355 ecl.
1262 4300 1315 4367 ΙΙΙ,
1334 4301 1380 4354 oui
1400 4300 1526 4354 carmina

357 4392 437 4448 Eius.
456 4392 601 4448 simillima
620 4397 697 4458 sunt,
720 4391 770 4444 ubi
792 4391 822 4443 in
846 4407 952 4445 scaena
976 4393 1096 4445 recitata
1120 4395 1197 4456 sunt,
1222 4388 1326 4445 eodem
1349 4388 1436 4443 modo
1462 4393 1526 4442 acta

359 4500 423 4538 esse
447 4487 534 4553 atque
558 4480 723 4535 comoedias
748 4485 778 4534 et
799 4479 979 4551 tragoedias;
1005 4480 1131 4533 carmina
1154 4480 1244 4550 igitur
1266 4479 1421 4550 peculiaria
1443 4477 1527 4531 velut

359 4572 471 4626 cantica
498 4570 735 4626 decantabantur.
773 4568 854 4623 Haeo
881 4586 952 4622 vero
981 4569 1107 4622 carmina
1131 4569 1160 4620 in
1185 4585 1291 4623 scaena
1317 4568 1438 4622 recitata
1462 4583 1526 4622 esse

358 4665 505 4715 testantur
523 4659 634 4714 Statius
654 4663 684 4713 et
697 4657 792 4712 Vacca
812 4658 860 4728 qui
880 4657 992 4711 dicitur.
1020 4656 1066 4710 Ita
1085 4658 1172 4712 etiam
1190 4657 1254 4711 lieri
1271 4657 1375 4728 potuit,
1395 4661 1429 4710 ut
1444 4655 1527 4710 velut

358 4748 574 4823 tragoediarum
594 4749 681 4815 chori,
702 4752 835 4803 cantores
854 4747 940 4802 simul
959 4751 1104 4801 canerent.
