3544 5494
729 1314 926 1451 Caput
964 1317 1002 1418 I.

390 1527 580 1591 Neroneam
605 1533 748 1590 aetatem
771 1525 807 1589 in
829 1524 1034 1590 carminibus
1052 1524 1325 1591 Einsidlensibus
1349 1533 1386 1591 ut
1402 1549 1458 1591 au·
1539 1505 1544 1530 ³

284 1657 375 1698 ream
408 1633 571 1699 celebrari
597 1633 835 1717 Neronemque
869 1631 979 1718 ipsum
1014 1654 1090 1696 curn
1118 1632 1208 1698 Jove
1242 1641 1276 1696 et
1299 1633 1459 1720 Apolline

284 1739 432 1806 conferri
460 1739 540 1804 satis
564 1738 682 1803 aviris
707 1739 815 1803 doctis
837 1738 1016 1824 probatum
1041 1746 1102 1803 est.
1142 1739 1251 1804 Simili
1266 1741 1368 1805 modo
1392 1740 1458 1805 iam

284 1846 434 1932 Augusti
458 1853 600 1910 aetatem
626 1867 645 1909 a
669 1845 776 1931 poetis
795 1845 997 1910 celebratam
1021 1866 1095 1910 esse
1111 1853 1230 1910 notum
1254 1853 1315 1910 est.
1355 1847 1459 1933 Apud

284 1953 473 2038 Vergilium
491 1951 669 2017 Horatium
690 1952 848 2017 Ovidium
874 1952 987 2017 multis
1011 1951 1094 2017 locis
1111 1953 1289 2037 Augustus
1314 1960 1352 2017 ut
1376 1955 1459 2019 deus

284 2061 327 2125 ad
367 2059 495 2124 caelum
536 2058 722 2123 extollitur:
770 2057 949 2145 praecipue
987 2058 1163 2145 Juppiter,
1202 2081 1460 2145 nonnumquam

284 2167 408 2253 Apollo
425 2174 483 2231 aut
496 2166 640 2230 Hermes
657 2150 859 2251 appellaturi
874 2187 1036 2250 spemque
1052 2165 1158 2229 fuisse
1175 2165 1264 2230 illius
1281 2166 1460 2252 imperium

285 2296 426 2338 revera
454 2273 529 2337 fore
562 2279 705 2336 aetatem
739 2294 875 2336 auream
908 2283 1027 2356 quarta
1062 2271 1180 2356 ecloga
1203 2272 1335 2357 Vergili
1368 2273 1460 2337 testi·

285 2379 398 2444 monio
429 2387 488 2444 est.
536 2381 658 2444 Aetate
683 2401 763 2444 vero
788 2378 945 2443 Neronea
978 2377 1106 2463 primus
1137 2378 1266 2444 Seneca
1299 2381 1391 2446 huno
1423 2379 1459 2443 in

287 2487 423 2551 modurn
440 2488 610 2552 Neronem
628 2486 797 2563 iuvenem,
821 2485 880 2550 ubi
903 2485 1083 2571 imperium
1104 2493 1280 2550 assecutus
1304 2495 1366 2563 est,
1390 2486 1460 2551 lau-

286 2593 385 2659 dibus
410 2593 539 2658 extulit.
586 2593 752 2658 Versibus
782 2593 882 2669 enim,
912 2615 996 2677 quos
1022 2592 1135 2657 libello
1164 2592 1213 2657 illi
1237 2593 1401 2678 probroso
1425 2592 1461 2657 in

287 2700 465 2766 Claudium
494 2700 583 2765 iacto
612 2699 804 2775 immiscuit,
836 2699 1019 2784 imperator
1046 2721 1157 2763 novus
1189 2707 1228 2763 ut
1257 2700 1340 2764 deus
1363 2699 1462 2764 indu·

287 2808 383 2872 cit-ur.
434 2807 595 2872 Phoebus
629 2807 719 2871 enim
750 2805 954 2871 vaticinatur
986 2828 1063 2870 eum
1093 2813 1194 2871 cantu
1227 2806 1292 2871 sibi
1320 2806 1462 2872 similem

287 2915 426 3000 eiusque
450 2938 571 2980 aevum
590 2921 790 3002 perpetuum
815 2920 848 2977 et
871 2936 1010 2978 aureum
1034 2913 1124 2978 fore:
1150 2913 1193 2978 cf.
1212 2935 1305 3000 apoc.
1323 2936 1394 3000 cap.
1412 2912 1463 2978 IV

415 3032 497 3107 8sq.
523 3023 678 3087 Mutatur
701 3021 780 3086 vilis
796 3020 940 3103 pretioso
966 3021 1045 3084 lana
1068 3022 1207 3102 metallo,

523 3129 636 3194 Aurea
660 3128 798 3212 formoso
823 3131 1026 3192 descendunt
1047 3129 1179 3192 saecula
1203 3127 1268 3207 fito.

394 3244 435 3302 26
449 3257 498 3321 sq.
524 3237 674 3301 Phoebus
699 3236 762 3301 ait:
788 3235 902 3300 Vincat
923 3234 1072 3299 rnortalis
1097 3239 1239 3316 tempora
1262 3234 1348 3299 uitae

522 3344 548 3407 I
550 3345 592 3408 lle
614 3343 696 3408 rnilii
717 3343 837 3408 sirnitis
859 3344 956 3406 virita
978 3341 1161 3423 similisque
1184 3345 1296 3406 derare

522 3452 591 3516 Nee
616 3455 715 3516 cantu
740 3473 797 3516 nee
820 3472 893 3515 voce
916 3449 1032 3514 rninor.
1057 3448 1169 3531 felicia
1193 3449 1290 3513 lassis

524 3557 662 3622 Saecnla
681 3557 866 3638 praestabit
889 3558 1058 3640 lepnrnque
1080 3555 1213 3620 silentia
1237 3560 1375 3636 rumpet.

526 3663 643 3744 Qualis
667 3663 847 3728 discutiens
870 3663 1036 3746 supientia
1059 3662 1199 3744 Lucifer
1222 3665 1312 3726 astra

525 3772 596 3835 Aut
617 3771 727 3852 quatis
750 3771 859 3854 surpit
880 3770 1093 3834 redeuntibus
1116 3769 1287 3850 Hesperus
1311 3767 1420 3849 astris,

526 3878 643 3958 Qualis
668 3900 740 3944 cunr
759 3877 908 3959 prirnurn
933 3877 1072 3941 tenebris
1096 3876 1229 3940 Aurora
1252 3874 1369 3939 solutis

524 3986 672 4050 Iridrrait
693 3985 880 4050 rubicunda
904 3984 999 4066 rtiern,
1025 3983 1080 4048 soi
1104 3982 1223 4064 aspicit
1246 3982 1351 4046 orbern

525 4093 677 4158 Lucidius
699 4098 730 4157 et
747 4092 874 4174 prirnos
898 4114 918 4156 a
942 4113 1069 4156 earcere
1092 4089 1232 4155 eoncitat
1255 4109 1353 4152 anes:

525 4200 617 4265 Talis
642 4199 764 4266 Caesar
787 4203 888 4280 adest,
915 4200 1011 4263 taleni
1034 4197 1101 4262 iarn
1123 4197 1229 4262 Ituna
1253 4195 1417 4259 Neronem

526 4307 682 4389 Aspicirt,
707 4309 830 4389 stuprat
851 4305 981 4370 nitidus
1004 4303 1133 4388 fulpore
1155 4302 1289 4367 rernisso

527 4415 643 4479 Vultus
668 4419 698 4478 et
721 4413 840 4495 adferso
864 4411 975 4478 cervia
998 4411 1140 4493 formosa
1164 4409 1291 4491 capitia.

396 4521 710 4610 Apocolocynlosin
734 4528 846 4585 autem
870 4519 967 4584 initio
991 4518 1124 4604 imperii
1146 4515 1292 4582 Neronis
1317 4537 1407 4580 anno
1425 4522 1466 4580 54

290 4630 346 4695 vel
363 4639 403 4696 55
429 4629 654 4714 conscriptam
680 4627 953 4711 esseconstat1).
994 4625 1103 4690 Simili
1120 4623 1219 4689 modo
1244 4623 1278 4687 in
1303 4622 1368 4688 alio
1386 4643 1467 4708 quo·

294 4739 510 4750 ——-.—-

397 4772 419 4845 1)
439 4771 482 4826 af.
502 4771 622 4829 aercae.
642 4769 890 4826 Senecaseuaen
908 4787 935 4839 p.
950 4741 1010 4824 isa.
