3544 5494
804 566 1024 631 230...

442 780 607 845 Musioam
632 788 737 844 artem
757 777 927 843 Neronem
951 779 1017 842 iam
1042 777 1121 842 inde
1146 801 1165 842 a
1186 799 1290 864 puero
1315 776 1506 842 exercuisse

335 890 434 954 docet
455 888 547 953 Suet.
574 910 644 973 oap.
663 895 706 954 20
729 885 824 952 Inter
841 891 962 951 ceteras
978 885 1173 966 disciptinas
1184 885 1351 966 pucritiae
1369 890 1507 967 tenpore

335 997 479 1062 iactatas
505 1001 536 1060 et
557 995 692 1076 nasica,
717 994 828 1058 statirn
851 998 890 1057 at
912 993 1085 1075 imperinm
1106 996 1245 1075 adeptas
1262 999 1317 1074 est,
1341 992 1507 1074 Terpnara

336 1105 556 1170 citharoedum
573 1102 731 1184 aiqentern
749 1107 826 1166 tanc
837 1106 972 1182 praeter
987 1100 1069 1165 alias
1086 1099 1220 1164 arcessit
1243 1099 1419 1181 dictasque
1436 1122 1507 1164 con-

338 1211 442 1276 tinuis
457 1214 535 1292 past
551 1231 662 1274 oenarn
683 1209 813 1274 canenti
829 1209 866 1273 in
881 1209 1017 1272 nrrrttarn
1033 1212 1155 1272 noctera
1177 1207 1326 1273 assidens
1340 1207 1507 1289 paulatin

336 1318 459 1399 etipse
489 1316 642 1381 meditari
678 1315 882 1396 exercerique
917 1315 1020 1396 coepit
1052 1337 1155 1396 neqac
1191 1336 1300 1379 eorrrrn
1335 1314 1507 1396 qaicqaara

336 1424 488 1506 amittere,
522 1445 605 1505 qaae
637 1424 766 1508 pencris
799 1423 869 1488 cias
903 1421 1044 1501 artifices
1067 1417 1122 1486 'aet
1155 1425 1395 1486 conseruandae
1421 1421 1507 1485 uocis

336 1554 436 1598 carrsa
459 1533 510 1597 ad
533 1535 703 1616 arapendae
726 1532 926 1615 factitarent.
969 1530 1036 1594 Sed
1059 1530 1157 1594 etiam
1180 1529 1330 1615 poeticae
1355 1529 1416 1594 arti
1441 1529 1506 1593 iam

335 1662 420 1726 puer
449 1639 580 1704 studuit
608 1640 650 1704 of.
681 1663 752 1725 cap.
776 1649 832 1706 52:
869 1638 1034 1703 Liberalis
1070 1637 1266 1718 disciptinas
1300 1637 1404 1702 oannis
1439 1635 1508 1718 fere

332 1769 420 1829 paor
436 1747 546 1831 attiqit
563 1800 568 1811 .
589 1800 595 1812 .
615 1799 621 1812 .
646 1747 765 1829 ltaque
781 1750 825 1811 ad
835 1745 997 1828 poeticam
1008 1767 1138 1827 pronas
1154 1745 1302 1809 earmina
1319 1744 1454 1809 libenter
1470 1765 1507 1807 aa

335 1857 407 1920 sine
430 1856 537 1920 tabere
561 1855 739 1937 composuit
760 1877 827 1936 nec,
854 1859 892 1918 at
913 1853 1047 1934 qaidanr
1062 1857 1196 1934 patant,
1222 1852 1332 1917 atiena
1351 1873 1413 1933 pro
1437 1849 1507 1914 sais

337 1963 448 2028 edidit.
496 1962 618 2027 Primis
641 1985 723 2026 vero
747 1961 877 2047 imperii
904 1960 1001 2025 annis
1030 1960 1179 2025 recitavit
1202 1965 1233 2024 ct
1255 1960 1412 2041 carmina,
1442 1981 1508 2022 non

336 2075 427 2136 niodo
452 2071 547 2152 dorni,
572 2073 629 2134 scd
646 2074 676 2134 et
690 2069 726 2134 in
744 2070 865 2133 theatro
884 2073 976 2133 tanta
999 2068 1226 2132 nniversorarn
1251 2067 1386 2148 taetitia,
1411 2071 1449 2130 nt
1471 2067 1506 2130 ab

339 2177 559 2243 recitationem
597 2177 794 2259 supplicatio
834 2179 961 2241 decreta
1000 2175 1045 2240 sit
1079 2197 1177 2256 eaque
1206 2196 1290 2256 pars
1325 2173 1507 2239 carrninnrn

336 2286 446 2352 aareis
471 2285 588 2350 titteris
611 2284 688 2349 Joai
711 2283 895 2365 Capitolino
919 2283 1029 2349 dicata
1053 2285 1222 2369 (eap.10).

445 2411 534 2489 Quas
558 2431 612 2474 res
637 2409 703 2474 iam
733 2432 816 2495 puer
844 2407 1001 2473 versibus
1032 2408 1224 2472 tractandas
1254 2407 1309 2472 vel
1338 2407 1507 2472 canendas

337 2519 401 2584 sibi
426 2517 648 2605 proposuerit,
673 2517 875 2582 concludere
901 2538 1079 2602 possumus
1098 2539 1138 2580 ex
1156 2538 1226 2602 oap.
1247 2526 1280 2583 7:
1300 2537 1363 2598 pro
1381 2515 1508 2579 Rhodis

337 2633 433 2708 atqae
460 2625 644 2690 Itiensibns
674 2624 795 2689 Graece
821 2625 918 2689 acrba
944 2623 1067 2708 fecit1).
1124 2625 1272 2688 Puerum
1305 2623 1409 2709 igitur
1442 2622 1507 2686 iam

338 2733 506 2798 Neronem
542 2741 689 2797 mentem
725 2731 768 2796 ad
801 2730 919 2795 Troiae
958 2753 1072 2796 oasum
1109 2731 1317 2796 convertisse
1353 2730 1508 2796 videmus

337 2863 448 2924 neque
472 2839 642 2916 miramur,
668 2839 758 2922 quod
785 2861 850 2923 quo
875 2849 945 2903 erat
969 2839 1107 2922 ingenio
1130 2837 1311 2902 immodico
1336 2844 1369 2900 et
1392 2837 1508 2900 immo·

338 2949 444 3022 desto,
491 2946 603 3010 statim
644 2967 792 3010 summos
833 2955 948 3031 poetas
994 2946 1211 3030 aequiperare
1250 2944 1305 3009 vel
1349 2964 1508 3028 superare

338 3053 477 3119 studuit.
525 3053 644 3138 Neque
673 3054 813 3118 dubium
843 3053 924 3118 mihi
953 3075 1026 3117 esse
1053 3052 1200 3129 videtur,
1231 3051 1311 3136 quin
1336 3051 1401 3115 iam
1431 3057 1509 3115 ante

338 3184 464 3226 annum
483 3171 525 3228 60
549 3183 684 3226 carmen
709 3161 945 3247 composuerit,
971 3182 1037 3245 quo
1055 3159 1189 3224 Troiam
1211 3158 1341 3223 oeoinit.
1389 3158 1508 3243 ltaque

338 3268 423 3333 nihil
452 3268 572 3346 obstat,
604 3269 684 3355 quin
715 3269 890 3333 carmenl
920 3291 1053 3354 quoque
1082 3289 1171 3331 anno
1203 3276 1244 3333 60
1276 3266 1507 3330 attribuamus

446 3393 513 3458 Sed
539 3393 734 3481 priusquam
760 3394 802 3458 ad
824 3393 953 3459 Lucani
976 3394 1094 3458 laudes
1118 3392 1263 3457 Neronis
1289 3400 1508 3467 revertamur,

342 3501 492 3567 breviter
516 3502 558 3566 de
582 3502 686 3567 altero
710 3502 855 3566 Neronis
880 3501 992 3566 studio
1018 3501 1200 3566 dicendum
1225 3507 1286 3577 est,
1311 3509 1417 3564 artem
1434 3498 1508 3563 dieo

339 3609 532 3693 aurigandi:
563 3609 605 3672 of.
632 3609 723 3673 Suet.
753 3631 824 3694 eap.
848 3617 889 3674 22
919 3608 1088 3690 Eqaorarn
1119 3607 1227 3672 stadio
1256 3609 1306 3671 aet
1330 3606 1510 3688 praecipue

340 3717 378 3781 ab
403 3716 536 3781 incante
560 3721 664 3780 aetate
687 3716 840 3799 stapraait
858 3716 1090 3797 plurimasque
1110 3715 1162 3780 itii
1176 3737 1289 3796 serare,
1316 3735 1509 3795 qnaaiqnara

338 3828 512 3904 aetaretnr,
543 3825 582 3886 de
611 3822 807 3887 circensibus
838 3828 916 3887 erat.
965 3823 1008 3886 Et
1036 3822 1136 3908 paulo
1159 3822 1249 3885 infra
1272 3821 1354 3884 Mon
1383 3826 1413 3884 et
1440 3821 1510 3903 ipse

340 3931 495 4015 aariqare
518 3935 613 4011 atqne
638 3931 733 3994 etiarn
758 3930 898 4012 spectari
921 3930 1054 4011 saepias
1076 3929 1187 3994 aotait.
1224 3927 1316 4005 Quae
1340 3927 1508 4004 libidines,

340 4060 421 4120 qaas
441 4039 525 4102 rnatc
543 4038 695 4103 coernitas
719 4038 963 4119 qaatiscarnqae
978 4038 1094 4102 rnatris
1114 4036 1294 4101 reuerentia
1312 4039 1508 4117 tardaverat,

339 4147 397 4210 ilia
426 4145 536 4210 oooisa
564 4145 774 4230 apertissime
805 4146 1011 4231 prodierunt.
1059 4145 1110 4210 Of.
1137 4143 1213 4208 Tae.
1231 4143 1319 4208 XIV
1336 4153 1389 4210 14:
1414 4143 1510 4207 Vetus

341 4252 393 4317 itti
421 4253 538 4334 capide
568 4258 638 4316 crat
665 4253 827 4317 curriculo
857 4253 1093 4336 quadripartia
1121 4251 1280 4332 insistere,
1314 4274 1372 4316 nec
1400 4251 1510 4315 rainas

339 4359 470 4442 foedata
494 4359 640 4424 stadiara
665 4360 790 4424 cithara
819 4360 983 4425 tadicrnra
1006 4361 1043 4424 ia
1066 4362 1195 4423 modurn
1219 4380 1342 4422 canere.
1377 4358 1510 4423 Cancer-

341 4561 553 4568 -—.——-—

448 4684 470 4756 1)
493 4682 535 4737 Of.
549 4683 615 4736 Tae.
628 4699 694 4736 ann.
709 4681 768 4735 XII
782 4682 824 4736 58.
845 4681 923 4753 Oalp.
938 4680 952 4734 I
965 4681 999 4735 45
1018 4683 1152 4738 maternis
1169 4701 1279 4738 caman
1292 4684 1340 4752 qai
1352 4683 1417 4757 uicit
1430 4683 1509 4738 Iulia.
