3544 5494
848 611 1067 672 ...1ss-

475 819 516 886 In
533 844 633 887 carm.
653 819 745 886 Elins.
762 819 799 885 ΙΙ
815 828 947 889 32-34
964 820 1091 886 seelera
1108 819 1222 888 Sullae
1238 831 1272 888 et
1288 822 1543 891 triumvirorum

370 929 575 1016 apraesenti
598 936 707 994 aetate
722 928 825 1014 longe
849 928 967 994 abesse
992 929 1253 996 demonstratur.
1279 931 1407 996 Eadem
1432 954 1485 998 res
1508 932 1543 996 in

368 1036 454 1103 libro
478 1036 496 1100 Ι
519 1059 538 1101 3
559 1037 697 1102 Lucano
722 1035 876 1102 similiter
908 1036 1060 1102 adhibita
1088 1046 1150 1114 est,
1186 1059 1252 1122 qua
1286 1038 1412 1104 bellum
1445 1039 1545 1104 civile
1644 1031 1647 1036 ’

369 1143 512 1208 alterum
529 1142 681 1208 Caesaris
706 1151 739 1208 et
755 1143 897 1229 Pompei
920 1142 1067 1209 atrocius
1091 1143 1198 1209 fuisse
1214 1166 1314 1230 quam
1336 1145 1429 1232 prius
1445 1143 1545 1210 Marii

370 1257 403 1314 33
427 1249 540 1315 Sullae
564 1250 814 1316 ostenderetur:
839 1251 882 1316 ef.
909 1250 1001 1316 Eius.
1018 1251 1055 1316 ΙΙ
1071 1261 1112 1320 27
1128 1273 1178 1337 sq.

604 1379 662 1423 uec
686 1357 809 1423 clausis
832 1358 955 1440 oppida
978 1359 1083 1424 araris

477 1464 574 1530 Bella
598 1467 735 1532 tacenda
752 1471 882 1548 parant

371 1581 413 1639 30
437 1594 487 1657 sq.
600 1594 689 1655 puer
712 1572 909 1656 dornifaclas
933 1579 1044 1640 aratro

475 1680 625 1745 Mirator
642 1680 768 1762 patriis
785 1683 982 1763 pendentem
1005 1681 1137 1746 sedibus
1161 1703 1266 1746 eaaera

369 1797 411 1854 32
602 1789 722 1870 procul
746 1809 765 1852 a
789 1788 882 1852 nobis
905 1787 1027 1872 lasellac
1049 1789 1155 1872 cloria
1179 1789 1293 1855 Sullae

370 1903 412 1961 35
476 1895 632 1960 Mordeat
649 1894 747 1977 frecaa
772 1895 879 1978 llqree.

477 2019 603 2086 Contra
630 2021 712 2086 Luo.
736 2020 754 2084 Ι
779 2028 844 2088 324
868 2042 917 2106 sq.
949 2020 1072 2087 Caesar
1099 2021 1262 2108 Pompeio
1292 2023 1375 2088 haeo
1404 2021 1544 2088 erimina

370 2125 487 2192 obicit:

524 2253 624 2320 Nurac
648 2276 772 2336 qaoque
795 2276 836 2319 ac
860 2255 983 2318 lassum
1009 2258 1116 2320 leaeal
1133 2255 1268 2337 privata
1291 2260 1449 2338 senectae,

527 2363 624 2427 Bella
647 2361 795 2444 nefanda
813 2365 918 2443 paral
940 2367 1053 2425 arlelas
1078 2361 1228 2428 civilibus
1252 2363 1353 2428 arlais
1404 2387 1407 2396 ·

524 2469 572 2533 Et
593 2469 708 2534 clocc'lc's
731 2468 859 2533 Sullam
883 2468 1012 2533 sceleris
1035 2469 1153 2534 vicisse
1176 2470 1389 2554 3339131333,-

526 2577 631 2657 Ulqae
652 2576 744 2659 ferae
768 2576 867 2659 tiores
889 2597 1061 2656 uunquam
1079 2598 1221 2658 posuere
1242 2576 1388 2660 furorem
1413 2628 1419 2640 .
1446 2629 1452 2640 .
1480 2628 1486 2641 .

437 2693 502 2751 330
525 2685 580 2750 Sic
605 2690 635 2749 el
657 2684 834 2748 Sullanam
858 2683 951 2748 sollte
977 2683 1035 2749 libi
1059 2684 1198 2750 lambere
1219 2683 1347 2768 ferrara

477 2859 479 2863 4
525 2792 649 2874 Darat,
674 2790 805 2875 Macae,
831 2790 913 2855 31113.

476 2915 634 3002 (Respice
672 2915 825 2980 ordinem
865 2915 1043 2980 ariminum
1086 2915 1232 2981 eundem
1271 2921 1372 3000 atque
1410 2915 1544 2981 illorum

369 3023 487 3088 aetatis
512 3046 633 3088 aureae
657 3023 856 3109 signorum).

477 3150 528 3214 (ll.
555 3155 728 3236 praeterea
750 3151 832 3215 Luc.
857 3150 893 3214 H
915 3159 978 3218 221
997 3171 1046 3236 sq.

524 3257 634 3322 Hleae
655 3258 749 3322 salus
772 3280 892 3338 reram,
916 3257 1001 3338 fella
1024 3258 1075 3322 lala
1099 3258 1196 3322 Sallu
1218 3258 1338 3340 vocari,
1526 3339 1528 3349 Α

525 3363 736 3429 1333333
760 3362 922 3427 tumulum
946 3363 1050 3428 medlo
1074 3363 1137 3428 slbc'
1161 3364 1271 3427 tollere
1294 3362 1438 3445 Campo?

477 3507 543 3572 Sed
579 3507 678 3572 etiam
714 3528 848 3571 carmen
878 3504 1024 3584 111331,
1059 3527 1262 3591 quamquam
1296 3531 1367 3572 rem
1402 3530 1421 3572 3
1457 3508 1544 3573 bello

370 3614 460 3681 oivili
491 3614 729 3679 alienissimam
758 3619 889 3691 tractat,
917 3612 952 3677 in
983 3612 1126 3699 singulis
1152 3613 1252 3679 rebus
1283 3636 1358 3678 oum
1384 3613 1441 3677 illo
1466 3637 1544 3680 eon-

370 3723 470 3808 gruit.
517 3721 604 3786 Nam
638 3728 765 3799 auctor,
802 3721 859 3806 qui
894 3719 1066 3786 Neronem
1101 3744 1177 3786 curu
1211 3721 1301 3787 Jove
1338 3729 1372 3786 33
1404 3721 1544 3786 Phoebo

369 3836 551 3915 comparat,
576 3851 647 3894 non
667 3827 742 3893 illos
760 3829 841 3893 deos
866 3837 943 3893 ante
966 3829 1080 3894 oeulos
1102 3829 1213 3906 habet,
1239 3830 1355 3914 quales
1371 3828 1544 3915 Vergilius

369 3937 530 4005 Horatius
555 3936 758 4022 Calpurnius
782 3937 969 4013 finxerunt,
1004 3937 1064 4000 sed
1098 3937 1219 4001 mirum
1252 3937 1287 4000 in
1317 3937 1456 4002 modurn
1486 3937 1544 4001 ho·

369 4045 495 4110 minem
529 4043 600 4109 deis
630 4051 740 4122 333333
772 4043 904 4108 Stoicae
938 4043 1088 4129 opponit,
1123 4043 1205 4122 deis,
1238 4035 1404 4127 inquam,¹
1422 4043 1543 4129 quibus

369 4153 454 4218 nihil
483 4151 641 4237 imaginis
675 4153 842 4216 humanae
867 4152 973 4228 adest,
1009 4151 1066 4236 qui
1095 4172 1211 4216 omnes
1245 4150 1346 4216 unius
1372 4151 1435 4228 dei,
1468 4150 1489 4213 i.
1514 4171 1543 4213 e.

369 4259 473 4325 totius
506 4259 635 4338 mundi,
670 4258 808 4324 nomina
840 4259 896 4324 vel
928 4258 1073 4324 virtutes
1107 4265 1196 4322 sunt.
1253 4259 1430 4324 Lucanum
1460 4279 1543 4322 vero

369 4367 481 4453 ipsum
499 4367 651 4432 Stoicum
667 4365 773 4431 131333
786 4389 855 4432 non
869 4367 979 4431 solum
992 4387 1126 4431 carmen
1145 4365 1217 4430 eius
1235 4361 1367 4451 epiou'm
1384 4363 1543 4442 ostendit,

370 4475 430 4541 sed
459 4474 560 4540 etiam
589 4497 630 4538 ex
653 4473 762 4538 Persii
790 4474 860 4539 vita
890 4473 1090 4558 magistrum
1120 4472 1150 4536 ei
1175 4474 1363 4539 Cornutum
1393 4469 1544 4536 Stoicum

369 4582 476 4648 131333
500 4581 634 4646 scimus.
672 4581 783 4645 Huius
800 4589 912 4646 autem
929 4580 1073 4658 libellus,
1099 4580 1156 4665 qui
1179 4580 1362 4665 Ἐπνδρομὴ
1380 4589 1442 4644 τῶν
1459 4582 1545 4642 κατὰ

369 4692 427 4775 τὴν
462 4688 656 4774 Ἑλληνικὴν
692 4688 862 4774 θεολογίαν
898 4689 1170 4775 παραδεδομένων
1204 4685 1411 4765 inscribitur,
1446 4686 1544 4752 nobis

371 4804 526 4863 servatus
551 4801 612 4860 est.
658 4796 783 4861 Mirum
811 4795 893 4860 mihi
918 4803 1030 4861 autem
1054 4795 1300 4874 videturesse,
1330 4796 1422 4880 quod
1444 4816 1544 4859 nemo

1719 3284 1723 3364 a

1721 4055 1725 4184 l
