3544 5494
823 619 1044 682 ..33-

454 832 595 917 Mystes,
633 836 809 916 postquam
851 828 1078 917 praesentium
1114 836 1304 916 temporum
1339 828 1428 895 bona
1463 830 1518 896 de·

349 937 484 1025 scripsit
493 939 527 1022 1),
551 937 748 1024 interrogat,
772 959 854 1003 num
878 936 1026 1002 dubitari
1049 937 1166 1024 possit,
1191 937 1272 1023 quin
1297 943 1388 1002 aetas
1417 958 1519 1002 aurea

349 1044 536 1111 reverterit.
575 1043 709 1131 Optime
726 1045 808 1110 haec
830 1043 1051 1130 interrogatio
1068 1043 1111 1108 ad
1136 1065 1246 1110 mores
1270 1042 1342 1110 eius
1365 1042 1516 1129 quadrat.

348 1153 413 1220 Vv.
432 1161 474 1220 22
491 1159 525 1218 et
540 1161 582 1219 23
604 1173 769 1217 summam
792 1150 949 1218 carminis
966 1150 1149 1230 continere,
1173 1151 1194 1216 i.
1213 1175 1241 1216 e.
1259 1172 1357 1217 curas
1373 1151 1517 1236 Mystes,

348 1269 438 1325 recte
466 1258 627 1346 cognovit
654 1259 818 1345 Hagen2).
865 1257 966 1324 Nunc
993 1258 1181 1336 videamus,
1213 1258 1382 1344 quomodo
1406 1279 1438 1324 v.
1463 1267 1517 1335 23,

348 1365 405 1454 qui
428 1365 463 1432 in
487 1365 602 1432 codice
625 1365 751 1451 legitur
772 1364 833 1431 ita:

507 1509 647 1576 Suturar'
669 1508 794 1574 rediere
817 1509 886 1574 dies
909 1508 995 1573 redit
1017 1513 1125 1574 astrea
1148 1512 1257 1590 certae,

302 1674 306 1686 ·
347 1633 568 1720 corrigendus
592 1633 644 1698 sit.
693 1634 799 1712 Quem
823 1655 960 1698 versum
989 1632 1089 1698 valde
1114 1631 1314 1698 mendosum
1338 1651 1412 1696 esse
1435 1631 1517 1696 inde

347 1747 497 1827 apparet,
531 1739 622 1825 quod
646 1739 787 1805 Astraea
817 1760 878 1804 suo
906 1740 980 1805 loco
1002 1739 1039 1804 in
1063 1761 1165 1804 versu
1194 1760 1268 1803 esse
1296 1760 1364 1804 non
1395 1747 1516 1826 potest,

346 1869 422 1912 cum
450 1847 553 1933 longa
576 1846 707 1932 syllaba
734 1845 795 1936 ‘ae'
823 1846 858 1912 in
887 1846 974 1911 thesi
1004 1846 1113 1934 posita
1142 1845 1351 1932 corripiatur.
1397 1846 1517 1930 Itaque

346 1954 468 2041 Hagen
492 1974 628 2020 versum
652 1953 701 2019 ita
723 1953 938 2020 emendabat:

506 2097 646 2163 Saturar'
668 2098 793 2164 rediere
816 2098 887 2164 dr'es
911 2097 1114 2179 Astraeaque
1135 2096 1235 2182 eirqo.

345 2223 448 2288 Haud
465 2231 555 2289 recte
571 2231 685 2289 tamen
702 2229 812 2306 certos,
839 2223 930 2309 quod
947 2223 1020 2288 cod.
1039 2223 1188 2309 praebet,
1204 2221 1239 2287 in
1255 2223 1345 2306 sirpo
1363 2222 1514 2289 mutavit.

346 2329 414 2395 Sed
438 2330 481 2395 ad
505 2353 624 2396 versus
655 2332 740 2397 duos
769 2331 1007 2396 antecedentes
1037 2329 1267 2395 desideramus
1296 2329 1515 2410 infinitivum,

346 2436 403 2522 qui
418 2437 460 2501 ad
477 2443 577 2522 aeput
590 2438 765 2524 pertineat.
804 2437 890 2503 Nam
909 2459 1044 2523 ‚negare
1061 2437 1133 2502 alci.
1151 2435 1252 2522 alqd.'
1269 2445 1319 2502 est
1329 2436 1516 2522 jerusadem

346 2549 445 2610 etwas
467 2544 673 2629 ueraeiqera,
703 2547 905 2629 ubsehluqea,
937 2567 1006 2611 non
1031 2547 1180 2629 leuqaeu,
1205 2545 1251 2624 id,
1282 2545 1371 2630 quod
1395 2567 1514 2610 seusus

345 2652 501 2739 postulat.
535 2652 654 2738 Itaque
678 2674 709 2719 v.
728 2661 770 2720 23
794 2654 859 2718 hoc
882 2652 982 2719 modo
1008 2653 1257 2718 emendandum
1281 2674 1355 2718 esse
1378 2674 1513 2718 censeo:

505 2777 645 2844 Saturni
667 2776 826 2843 rediisse?
848 2778 902 2843 (sl.
926 2778 1058 2863 aeria)
1083 2777 1285 2859 Astraeaque
1308 2783 1392 2843 certo

503 2884 646 2966 Totaque
670 2937 808 2949 .....
1326 2901 1328 2908 ·

450 3027 536 3092 Nam
560 3028 726 3093 vocabula
750 3033 833 3094 certo
858 3035 890 3092 et
913 3027 1004 3111 Tota,
1030 3027 1120 3112 quod
1144 3027 1318 3092 Baehrens
1342 3026 1456 3113 inepte
1478 3028 1514 3092 in

343 3133 430 3199 Tuta
446 3134 601 3213 mutavit,
617 3134 732 3200 verbis
746 3134 965 3221 sequentibus
982 3155 1183 3220 responsum
1196 3133 1333 3200 alterius
1351 3156 1514 3222 personae

343 3240 508 3306 contineri
543 3241 704 3308 indicant.
755 3242 845 3308 Illud
883 3243 953 3308 dies
985 3264 1066 3308 vero
1102 3264 1142 3307 ex
1178 3241 1370 3308 coniectura
1407 3263 1511 3330 supra

344 3364 469 3453 scripta
505 3334 530 3504 (
564 3332 635 3432 dies
666 3337 691 3506 )
718 3375 828 3433 ortum
854 3377 914 3432 est.

531 3424 666 3487 reducar

449 3636 472 3704 ¹)
491 3635 526 3688 In
550 3654 577 3689 v.
598 3636 630 3689 15
654 3652 706 3706 pro
733 3639 824 3706 saque.
855 3634 933 3705 quod
961 3634 1054 3690 codex
1082 3637 1208 3706 praebet,
1238 3635 1421 3691 scribendum
1449 3653 1513 3692 esse

343 3727 469 3782 Bacchus
487 3730 565 3778 recte
583 3725 640 3777 iam
653 3725 759 3794 Hagen
779 3725 910 3790 coniecit,
931 3743 1105 3796 quamquam
1117 3724 1192 3780 falso
1204 3726 1283 3780 hunc
1295 3742 1413 3780 versum
1425 3726 1514 3780 inter-

342 3817 473 3883 pretatus
485 3819 530 3868 est
540 3813 647 3886 (Fleck.
663 3814 710 3869 db.
727 3814 803 3880 1871,
814 3832 879 3885 pag.
895 3815 966 3886 151).
986 3807 1044 3868 Sed
1056 3831 1101 3869 res
1115 3815 1210 3870 lucem
1227 3816 1331 3886 accipit
1341 3817 1512 3886 comparatis

342 3902 387 3956 his
411 3901 498 3958 locis:
523 3901 584 3957 (lat.
611 3902 646 3957 de
670 3920 730 3974 agr.
757 3904 807 3958 120
832 3907 863 3961 iu
891 3906 1051 3984 emptorum
1082 3912 1203 3963 raretum
1227 3906 1318 3962 iadtto
1339 3911 1365 3962 et
1388 3908 1513 3963 corticem
1542 3921 1545 3928 ·

343 3994 467 4064 oppieoto
487 3997 517 4046 et
537 3991 607 4045 Hor.
627 4009 712 4046 carm.
727 3993 810 4060 1118,
824 3994 840 4047 9
853 4009 894 4064 sq.

643 4085 700 4140 Hie
718 4084 778 4140 dieo
795 4103 868 4140 arao
884 4085 1013 4141 redeunte
1031 4087 1119 4153 festus

645 4174 776 4229 Corticera
794 4173 958 4230 adstrictum
973 4175 1035 4245 pice
1051 4175 1197 4231 demovebr't

342 4350 450 4404 Cortex
468 4350 558 4422 igitur
575 4264 820 4420 amplididdirridn
841 4350 911 4404 ulmi
931 4355 983 4418 est,
1005 4367 1041 4406 cx
1061 4369 1118 4422 qua
1136 4351 1270 4407 Bacchus
1289 4352 1470 4407 diffunditur.

447 4440 470 4510 ²)
489 4458 516 4510 p.
532 4439 590 4494 149.

448 4529 471 4601 ³)
489 4529 571 4584 Haeo
584 4531 752 4584 coniectura
765 4530 987 4586 Radermacheri
1001 4535 1053 4586 est.
1067 4531 1134 4601 Ipse
1148 4531 1217 4584 olim
1232 4535 1399 4603 Saturnique
1411 4535 1512 4591 redisse

341 4622 416 4677 dies?
434 4619 479 4674 Gl.
492 4626 660 4692 Astraeaque
672 4629 742 4679 certo
755 4621 933 4692 scripseram.
953 4622 997 4675 De
1010 4620 1152 4691 producta
1165 4623 1277 4694 syllaba
1290 4624 1329 4693 ‘a’
1343 4622 1378 4676 cf.
1392 4622 1510 4678 Lachm.

341 4707 378 4761 ad
396 4707 481 4762 Lucr.
500 4709 547 4762 ΙΠ
568 4709 643 4764 1042.
675 4711 908 4783 Astraeaque...
928 4711 1065 4788 Totaque:
1090 4731 1139 4788 que
1159 4751 1208 4768 ...
1231 4733 1280 4790 que
1303 4729 1354 4788 pro
1374 4721 1400 4771 et
1487 4721 1511 4776 et

341 4797 456 4872 saepius
476 4798 553 4875 apud
572 4804 673 4875 poetas
691 4800 846 4858 invenitur.
