<?xml version="1.0" encoding="UTF-8"?>
<!DOCTYPE html PUBLIC "-//W3C//DTD XHTML 1.0 Transitional//EN"
    "http://www.w3.org/TR/xhtml1/DTD/xhtml1-transitional.dtd">
<html xmlns="http://www.w3.org/1999/xhtml" xml:lang="en" lang="en">
 <head>
  <title>
</title>
<meta http-equiv="Content-Type" content="text/html;charset=utf-8" />
  <meta name='ocr-system' content='tesseract 3.04.00' />
  <meta name='ocr-capabilities' content='ocr_page ocr_carea ocr_par ocr_line ocrx_word'/>
</head>
<body>
  <div class='ocr_page' id='page_1' title='image "./caminaeinsidlen00macigoog_0052.png"; bbox 0 0 3544 5494; ppageno 0'>
   <div class='ocr_carea' id='block_1_1' title="bbox 720 548 941 618">
    <p class='ocr_par' dir='ltr' id='par_1_1' title="bbox 720 548 941 618">
     <span class='ocr_line' id='line_1_1' title="bbox 720 548 941 618; baseline 0.005 -19"><span class='ocrx_word' id='word_1_1' title='bbox 720 548 941 618; x_wconf 52' lang='lat'>“⁵47²</span> 
     </span>
    </p>
   </div>
   <div class='ocr_carea' id='block_1_2' title="bbox 247 752 1508 4819">
    <p class='ocr_par' dir='ltr' id='par_1_2' title="bbox 311 752 1508 1176">
     <span class='ocr_line' id='line_1_2' title="bbox 311 752 1508 852; baseline 0.001 -20"><span class='ocrx_word' id='word_1_2' title='bbox 311 759 577 833; x_wconf 64' lang='grc'><strong>1551111733</strong></span> <span class='ocrx_word' id='word_1_3' title='bbox 952 761 1069 850; x_wconf 79' lang='lat' dir='ltr'>feralis</span> <span class='ocrx_word' id='word_1_4' title='bbox 1088 783 1211 851; x_wconf 80' lang='lat' dir='ltr'>ponpa</span> <span class='ocrx_word' id='word_1_5' title='bbox 1237 764 1417 852; x_wconf 78' lang='lat' dir='ltr'>triumphos</span> <span class='ocrx_word' id='word_1_6' title='bbox 1506 752 1508 757; x_wconf 34' lang='lat'><strong>¹</strong></span> 
     </span>
     <span class='ocr_line' id='line_1_3' title="bbox 312 870 1363 962; baseline 0 -22"><span class='ocrx_word' id='word_1_7' title='bbox 312 876 405 962; x_wconf 84' lang='lat' dir='ltr'>Oalp.</span> <span class='ocrx_word' id='word_1_8' title='bbox 422 877 496 944; x_wconf 90' lang='grc'>160</span> <span class='ocrx_word' id='word_1_9' title='bbox 590 870 592 874; x_wconf 63' lang='grc'><strong>’</strong></span> <span class='ocrx_word' id='word_1_10' title='bbox 946 874 1063 958; x_wconf 85' lang='lat' dir='ltr'>feralis</span> <span class='ocrx_word' id='word_1_11' title='bbox 1082 897 1205 958; x_wconf 85' lang='lat' dir='ltr'>ponpa</span> <span class='ocrx_word' id='word_1_12' title='bbox 1228 881 1363 940; x_wconf 88' lang='lat' dir='ltr'>senatus</span> 
     </span>
     <span class='ocr_line' id='line_1_4' title="bbox 311 981 1320 1048; baseline -0.001 -1"><span class='ocrx_word' id='word_1_13' title='bbox 311 984 392 1047; x_wconf 86' lang='lat' dir='ltr'>Luc.</span> <span class='ocrx_word' id='word_1_14' title='bbox 409 982 540 1048; x_wconf 79' lang='lat'>111282</span> <span class='ocrx_word' id='word_1_15' title='bbox 944 982 1071 1046; x_wconf 89' lang='lat' dir='ltr'>soluens</span> <span class='ocrx_word' id='word_1_16' title='bbox 1094 981 1221 1046; x_wconf 90' lang='lat' dir='ltr'>ieiunia</span> <span class='ocrx_word' id='word_1_17' title='bbox 1244 982 1320 1047; x_wconf 86' lang='lat' dir='ltr'>belli</span> 
     </span>
     <span class='ocr_line' id='line_1_5' title="bbox 312 1088 1318 1176; baseline 0.001 -22"><span class='ocrx_word' id='word_1_18' title='bbox 312 1088 404 1176; x_wconf 81' lang='lat' dir='ltr'>Calp.</span> <span class='ocrx_word' id='word_1_19' title='bbox 422 1088 473 1154; x_wconf 89' lang='lat' dir='ltr'>IV</span> <span class='ocrx_word' id='word_1_20' title='bbox 487 1098 527 1156; x_wconf 88' lang='grc'><strong>35</strong></span> <span class='ocrx_word' id='word_1_21' title='bbox 949 1088 1075 1154; x_wconf 91' lang='lat' dir='ltr'>ieiunia</span> <span class='ocrx_word' id='word_1_22' title='bbox 1099 1089 1220 1154; x_wconf 91' lang='lat' dir='ltr'>soluere</span> <span class='ocrx_word' id='word_1_23' title='bbox 1241 1089 1318 1174; x_wconf 80' lang='lat' dir='ltr'>fapo</span> 
     </span>
    </p>

    <p class='ocr_par' dir='ltr' id='par_1_3' title="bbox 308 1195 1418 2569">
     <span class='ocr_line' id='line_1_6' title="bbox 513 1195 1155 1281; baseline 0.006 -21"><span class='ocrx_word' id='word_1_24' title='bbox 513 1197 586 1281; x_wconf 85' lang='lat' dir='ltr'>(sed</span> <span class='ocrx_word' id='word_1_25' title='bbox 612 1196 655 1260; x_wconf 82' lang='lat' dir='ltr'>ct.</span> <span class='ocrx_word' id='word_1_26' title='bbox 682 1196 744 1260; x_wconf 90' lang='lat' dir='ltr'>Ov.</span> <span class='ocrx_word' id='word_1_27' title='bbox 768 1195 793 1260; x_wconf 82' lang='lat' dir='ltr'>t.</span> <span class='ocrx_word' id='word_1_28' title='bbox 810 1195 858 1260; x_wconf 91' lang='lat' dir='ltr'>IV</span> <span class='ocrx_word' id='word_1_29' title='bbox 874 1205 937 1262; x_wconf 84' lang='lat'>607</span> <span class='ocrx_word' id='word_1_30' title='bbox 962 1219 1005 1260; x_wconf 88' lang='lat'>111.</span> <span class='ocrx_word' id='word_1_31' title='bbox 1030 1196 1062 1260; x_wconf 88' lang='lat' dir='ltr'>V</span> <span class='ocrx_word' id='word_1_32' title='bbox 1079 1201 1155 1281; x_wconf 83' lang='lat'>534)</span> 
     </span>
     <span class='ocr_line' id='line_1_7' title="bbox 308 1305 1274 1387; baseline 0 -19"><span class='ocrx_word' id='word_1_33' title='bbox 308 1306 393 1368; x_wconf 86' lang='lat' dir='ltr'>¹Luc.</span> <span class='ocrx_word' id='word_1_34' title='bbox 411 1305 465 1368; x_wconf 90' lang='lat' dir='ltr'>IX</span> <span class='ocrx_word' id='word_1_35' title='bbox 482 1314 564 1372; x_wconf 92' lang='grc'><strong>1001</strong></span> <span class='ocrx_word' id='word_1_36' title='bbox 949 1309 1110 1387; x_wconf 84' lang='lat' dir='ltr'>urpuente</span> <span class='ocrx_word' id='word_1_37' title='bbox 1128 1305 1274 1386; x_wconf 90' lang='lat' dir='ltr'>procella</span> 
     </span>
     <span class='ocr_line' id='line_1_8' title="bbox 313 1411 1272 1497; baseline 0 -21"><span class='ocrx_word' id='word_1_38' title='bbox 313 1411 405 1497; x_wconf 85' lang='lat' dir='ltr'>Oalp.</span> <span class='ocrx_word' id='word_1_39' title='bbox 423 1411 474 1477; x_wconf 91' lang='lat' dir='ltr'>IV</span> <span class='ocrx_word' id='word_1_40' title='bbox 487 1420 528 1478; x_wconf 83' lang='lat'>98</span> <span class='ocrx_word' id='word_1_41' title='bbox 947 1416 1107 1495; x_wconf 84' lang='lat' dir='ltr'>urpuente</span> <span class='ocrx_word' id='word_1_42' title='bbox 1125 1413 1272 1493; x_wconf 87' lang='lat' dir='ltr'>procella</span> 
     </span>
     <span class='ocr_line' id='line_1_9' title="bbox 313 1519 1418 1586; baseline 0.001 -5"><span class='ocrx_word' id='word_1_43' title='bbox 313 1519 392 1583; x_wconf 87' lang='lat' dir='ltr'>Luc.</span> <span class='ocrx_word' id='word_1_44' title='bbox 410 1519 523 1586; x_wconf 89' lang='grc'><strong>11465</strong></span> <span class='ocrx_word' id='word_1_45' title='bbox 948 1519 1060 1584; x_wconf 82' lang='lat' dir='ltr'>audito</span> <span class='ocrx_word' id='word_1_46' title='bbox 1087 1570 1093 1582; x_wconf 93' lang='lat'><strong>.</strong></span> <span class='ocrx_word' id='word_1_47' title='bbox 1113 1570 1119 1582; x_wconf 93' lang='lat'><strong>.</strong></span> <span class='ocrx_word' id='word_1_48' title='bbox 1139 1570 1145 1582; x_wconf 93' lang='lat'><strong>.</strong></span> <span class='ocrx_word' id='word_1_49' title='bbox 1168 1519 1298 1584; x_wconf 88' lang='lat' dir='ltr'>nornine</span> <span class='ocrx_word' id='word_1_50' title='bbox 1321 1519 1418 1584; x_wconf 79' lang='lat' dir='ltr'>Sulla</span> 
     </span>
     <span class='ocr_line' id='line_1_10' title="bbox 313 1625 1335 1711; baseline 0 -21"><span class='ocrx_word' id='word_1_51' title='bbox 313 1625 548 1711; x_wconf 63' lang='grc'><strong>0515111109</strong></span> <span class='ocrx_word' id='word_1_52' title='bbox 663 1653 665 1656; x_wconf 94' lang='lat'>·</span> <span class='ocrx_word' id='word_1_53' title='bbox 949 1625 1061 1689; x_wconf 83' lang='lat' dir='ltr'>audito</span> <span class='ocrx_word' id='word_1_54' title='bbox 1084 1626 1214 1690; x_wconf 88' lang='lat' dir='ltr'>nornine</span> <span class='ocrx_word' id='word_1_55' title='bbox 1239 1626 1335 1690; x_wconf 88' lang='lat' dir='ltr'>tellus</span> 
     </span>
     <span class='ocr_line' id='line_1_11' title="bbox 312 1731 1338 1812; baseline 0 -14"><span class='ocrx_word' id='word_1_56' title='bbox 312 1735 393 1798; x_wconf 90' lang='lat' dir='ltr'>Luc.</span> <span class='ocrx_word' id='word_1_57' title='bbox 413 1733 520 1800; x_wconf 84' lang='lat' dir='ltr'>V415</span> <span class='ocrx_word' id='word_1_58' title='bbox 735 1731 873 1812; x_wconf 70' lang='lat' dir='ltr'>Perfida</span> <span class='ocrx_word' id='word_1_59' title='bbox 897 1784 955 1797; x_wconf 90' lang='lat'>...</span> <span class='ocrx_word' id='word_1_60' title='bbox 976 1785 981 1796; x_wconf 96' lang='lat'><em>.</em></span> <span class='ocrx_word' id='word_1_61' title='bbox 1006 1733 1229 1798; x_wconf 76' lang='lat' dir='ltr'><em>inconstantia</em></span> <span class='ocrx_word' id='word_1_62' title='bbox 1251 1734 1338 1799; x_wconf 86' lang='lat' dir='ltr'>reris</span> 
     </span>
     <span class='ocr_line' id='line_1_12' title="bbox 314 1839 1384 1926; baseline -0.001 -21"><span class='ocrx_word' id='word_1_63' title='bbox 314 1841 406 1926; x_wconf 84' lang='lat' dir='ltr'>Oalp.</span> <span class='ocrx_word' id='word_1_64' title='bbox 426 1840 512 1906; x_wconf 74' lang='lat' dir='ltr'>Vas</span> <span class='ocrx_word' id='word_1_65' title='bbox 739 1861 875 1904; x_wconf 87' lang='lat' dir='ltr'>aernuur</span> <span class='ocrx_word' id='word_1_66' title='bbox 898 1839 989 1904; x_wconf 88' lang='lat' dir='ltr'>Ionis</span> <span class='ocrx_word' id='word_1_67' title='bbox 1009 1839 1235 1906; x_wconf 82' lang='lat' dir='ltr'>&#39;inconstantia</span> <span class='ocrx_word' id='word_1_68' title='bbox 1259 1846 1384 1922; x_wconf 81' lang='lat' dir='ltr'>tenipus</span> 
     </span>
     <span class='ocr_line' id='line_1_13' title="bbox 313 1948 1370 2030; baseline 0.001 -18"><span class='ocrx_word' id='word_1_69' title='bbox 313 1949 394 2013; x_wconf 87' lang='lat' dir='ltr'>Luc.</span> <span class='ocrx_word' id='word_1_70' title='bbox 413 1948 540 2016; x_wconf 75' lang='grc'><strong>171403</strong></span> <span class='ocrx_word' id='word_1_71' title='bbox 742 1948 871 2012; x_wconf 79' lang='lat' dir='ltr'>calidae</span> <span class='ocrx_word' id='word_1_72' title='bbox 886 1949 1053 2030; x_wconf 77' lang='lat' dir='ltr'><em>percussit</em></span> <span class='ocrx_word' id='word_1_73' title='bbox 1070 1952 1220 2030; x_wconf 82' lang='lat' dir='ltr'>pondera</span> <span class='ocrx_word' id='word_1_74' title='bbox 1243 1970 1370 2014; x_wconf 84' lang='lat' dir='ltr'>massae</span> 
     </span>
     <span class='ocr_line' id='line_1_14' title="bbox 315 2055 1313 2141; baseline 0 -21"><span class='ocrx_word' id='word_1_75' title='bbox 315 2056 408 2141; x_wconf 85' lang='lat' dir='ltr'>Calp.</span> <span class='ocrx_word' id='word_1_76' title='bbox 425 2055 458 2119; x_wconf 90' lang='lat' dir='ltr'><strong>V</strong></span> <span class='ocrx_word' id='word_1_77' title='bbox 472 2065 512 2122; x_wconf 83' lang='lat'>82</span> <span class='ocrx_word' id='word_1_78' title='bbox 744 2059 848 2120; x_wconf 79' lang='lat' dir='ltr'>iturae</span> <span class='ocrx_word' id='word_1_79' title='bbox 871 2077 995 2138; x_wconf 78' lang='lat' dir='ltr'>piloque</span> <span class='ocrx_word' id='word_1_80' title='bbox 1013 2060 1163 2137; x_wconf 83' lang='lat' dir='ltr'>pondera</span> <span class='ocrx_word' id='word_1_81' title='bbox 1186 2061 1313 2122; x_wconf 86' lang='lat' dir='ltr'>aiassae</span> 
     </span>
     <span class='ocr_line' id='line_1_15' title="bbox 314 2162 1317 2246; baseline 0.001 -19"><span class='ocrx_word' id='word_1_82' title='bbox 314 2164 394 2228; x_wconf 87' lang='lat' dir='ltr'>Luc.</span> <span class='ocrx_word' id='word_1_83' title='bbox 411 2163 466 2226; x_wconf 82' lang='lat' dir='ltr'>IX</span> <span class='ocrx_word' id='word_1_84' title='bbox 480 2171 543 2230; x_wconf 79' lang='grc'>624</span> <span class='ocrx_word' id='word_1_85' title='bbox 1067 2162 1197 2246; x_wconf 80' lang='lat' dir='ltr'>feruida</span> <span class='ocrx_word' id='word_1_86' title='bbox 1221 2164 1317 2228; x_wconf 90' lang='lat' dir='ltr'>tellus</span> 
     </span>
     <span class='ocr_line' id='line_1_16' title="bbox 316 2269 1314 2356; baseline 0 -22"><span class='ocrx_word' id='word_1_87' title='bbox 316 2269 407 2356; x_wconf 83' lang='lat' dir='ltr'>Calp.</span> <span class='ocrx_word' id='word_1_88' title='bbox 426 2270 459 2335; x_wconf 91' lang='lat' dir='ltr'>V</span> <span class='ocrx_word' id='word_1_89' title='bbox 472 2281 513 2338; x_wconf 87' lang='lat'>86</span> <span class='ocrx_word' id='word_1_90' title='bbox 1064 2269 1193 2353; x_wconf 83' lang='lat' dir='ltr'>feruida</span> <span class='ocrx_word' id='word_1_91' title='bbox 1218 2271 1314 2335; x_wconf 89' lang='lat' dir='ltr'>tellus</span> 
     </span>
     <span class='ocr_line' id='line_1_17' title="bbox 315 2377 1326 2460; baseline 0.003 -21"><span class='ocrx_word' id='word_1_92' title='bbox 315 2377 396 2441; x_wconf 87' lang='lat' dir='ltr'>Luc.</span> <span class='ocrx_word' id='word_1_93' title='bbox 416 2377 543 2444; x_wconf 74' lang='grc'><strong>171455</strong></span> <span class='ocrx_word' id='word_1_94' title='bbox 1062 2377 1227 2460; x_wconf 85' lang='lat' dir='ltr'>turpentia</span> <span class='ocrx_word' id='word_1_95' title='bbox 1249 2399 1326 2443; x_wconf 89' lang='lat' dir='ltr'>suco</span> 
     </span>
     <span class='ocr_line' id='line_1_18' title="bbox 315 2483 1321 2569; baseline 0 -21"><span class='ocrx_word' id='word_1_96' title='bbox 315 2483 407 2569; x_wconf 82' lang='lat' dir='ltr'>Oalp.</span> <span class='ocrx_word' id='word_1_97' title='bbox 426 2483 458 2547; x_wconf 90' lang='lat' dir='ltr'>V</span> <span class='ocrx_word' id='word_1_98' title='bbox 475 2493 535 2550; x_wconf 90' lang='grc'>114</span> <span class='ocrx_word' id='word_1_99' title='bbox 1057 2484 1222 2567; x_wconf 83' lang='lat' dir='ltr'>turpentia</span> <span class='ocrx_word' id='word_1_100' title='bbox 1245 2505 1321 2549; x_wconf 91' lang='lat' dir='ltr'>suco</span> 
     </span>
    </p>

    <p class='ocr_par' dir='ltr' id='par_1_4' title="bbox 247 2589 1420 2998">
     <span class='ocr_line' id='line_1_19' title="bbox 358 2589 1420 2676; baseline 0.003 -23"><span class='ocrx_word' id='word_1_101' title='bbox 358 2589 457 2654; x_wconf 78' lang='lat' dir='ltr'>Certe</span> <span class='ocrx_word' id='word_1_102' title='bbox 473 2589 578 2674; x_wconf 89' lang='lat' dir='ltr'>igitur</span> <span class='ocrx_word' id='word_1_103' title='bbox 593 2591 751 2655; x_wconf 85' lang='lat' dir='ltr'>Lucanus</span> <span class='ocrx_word' id='word_1_104' title='bbox 769 2589 944 2676; x_wconf 82' lang='lat' dir='ltr'><em>Calpurnii</em></span> <span class='ocrx_word' id='word_1_105' title='bbox 960 2591 1094 2676; x_wconf 81' lang='lat' dir='ltr'>eclogas</span> <span class='ocrx_word' id='word_1_106' title='bbox 1112 2590 1238 2676; x_wconf 87' lang='lat' dir='ltr'>optime</span> <span class='ocrx_word' id='word_1_107' title='bbox 1259 2591 1420 2656; x_wconf 86' lang='lat' dir='ltr'>memoria</span> 
     </span>
     <span class='ocr_line' id='line_1_20' title="bbox 247 2696 1419 2784; baseline 0 -22"><span class='ocrx_word' id='word_1_108' title='bbox 247 2697 366 2762; x_wconf 84' lang='lat' dir='ltr'>tenuit.</span> <span class='ocrx_word' id='word_1_109' title='bbox 402 2697 475 2778; x_wconf 83' lang='lat' dir='ltr'>Iam</span> <span class='ocrx_word' id='word_1_110' title='bbox 491 2719 573 2762; x_wconf 90' lang='lat' dir='ltr'>vero</span> <span class='ocrx_word' id='word_1_111' title='bbox 590 2697 718 2762; x_wconf 81' lang='lat' dir='ltr'>Ledam</span> <span class='ocrx_word' id='word_1_112' title='bbox 736 2707 905 2782; x_wconf 78' lang='lat' dir='ltr'>pastorem</span> <span class='ocrx_word' id='word_1_113' title='bbox 929 2697 1073 2784; x_wconf 81' lang='lat' dir='ltr'>praedae</span> <span class='ocrx_word' id='word_1_114' title='bbox 1096 2696 1328 2762; x_wconf 88' lang='lat' dir='ltr'>avidissimum</span> <span class='ocrx_word' id='word_1_115' title='bbox 1346 2720 1419 2762; x_wconf 88' lang='lat' dir='ltr'>esse</span> 
     </span>
     <span class='ocr_line' id='line_1_21' title="bbox 248 2803 1419 2892; baseline -0.001 -22"><span class='ocrx_word' id='word_1_116' title='bbox 248 2805 406 2882; x_wconf 88' lang='lat' dir='ltr'>vidimus,</span> <span class='ocrx_word' id='word_1_117' title='bbox 438 2803 494 2889; x_wconf 90' lang='lat' dir='ltr'>qui</span> <span class='ocrx_word' id='word_1_118' title='bbox 523 2826 591 2869; x_wconf 91' lang='lat' dir='ltr'>non</span> <span class='ocrx_word' id='word_1_119' title='bbox 622 2804 688 2870; x_wconf 88' lang='lat' dir='ltr'>nisi</span> <span class='ocrx_word' id='word_1_120' title='bbox 717 2827 778 2892; x_wconf 87' lang='lat' dir='ltr'>spe</span> <span class='ocrx_word' id='word_1_121' title='bbox 806 2804 1030 2890; x_wconf 85' lang='lat' dir='ltr'>praemiorum</span> <span class='ocrx_word' id='word_1_122' title='bbox 1058 2805 1217 2869; x_wconf 83' lang='lat' dir='ltr'>incitatus</span> <span class='ocrx_word' id='word_1_123' title='bbox 1242 2804 1419 2870; x_wconf 81' lang='lat' dir='ltr'>Caesarem</span> 
     </span>
     <span class='ocr_line' id='line_1_22' title="bbox 247 2911 1266 2998; baseline -0.001 -21"><span class='ocrx_word' id='word_1_124' title='bbox 247 2913 377 2978; x_wconf 84' lang='lat' dir='ltr'>laudat:</span> <span class='ocrx_word' id='word_1_125' title='bbox 403 2911 493 2998; x_wconf 91' lang='lat' dir='ltr'>quod</span> <span class='ocrx_word' id='word_1_126' title='bbox 518 2912 608 2976; x_wconf 84' lang='lat' dir='ltr'>haud</span> <span class='ocrx_word' id='word_1_127' title='bbox 632 2913 719 2978; x_wconf 93' lang='lat' dir='ltr'>male</span> <span class='ocrx_word' id='word_1_128' title='bbox 741 2911 777 2976; x_wconf 91' lang='lat' dir='ltr'>in</span> <span class='ocrx_word' id='word_1_129' title='bbox 802 2911 1021 2998; x_wconf 83' lang='lat' dir='ltr'>Calpurnium</span> <span class='ocrx_word' id='word_1_130' title='bbox 1046 2911 1198 2997; x_wconf 82' lang='lat' dir='ltr'>quadrat3</span> <span class='ocrx_word' id='word_1_131' title='bbox 1223 2911 1266 2977; x_wconf 87' lang='lat' dir='ltr'>ef.</span> 
     </span>
    </p>

    <p class='ocr_par' dir='ltr' id='par_1_5' title="bbox 247 3018 1397 3424">
     <span class='ocr_line' id='line_1_23' title="bbox 247 3018 1364 3103; baseline -0.002 -18"><span class='ocrx_word' id='word_1_132' title='bbox 247 3020 299 3086; x_wconf 91' lang='lat' dir='ltr'>IV</span> <span class='ocrx_word' id='word_1_133' title='bbox 325 3029 386 3087; x_wconf 79' lang='lat'>152</span> <span class='ocrx_word' id='word_1_134' title='bbox 412 3041 460 3103; x_wconf 90' lang='lat' dir='ltr'>sq.</span> <span class='ocrx_word' id='word_1_135' title='bbox 489 3018 618 3084; x_wconf 81' lang='lat' dir='ltr'>Ornilii</span> <span class='ocrx_word' id='word_1_136' title='bbox 642 3043 725 3102; x_wconf 84' lang='lat' dir='ltr'>qnae</span> <span class='ocrx_word' id='word_1_137' title='bbox 748 3019 841 3084; x_wconf 88' lang='lat' dir='ltr'>tereti</span> <span class='ocrx_word' id='word_1_138' title='bbox 864 3021 1038 3083; x_wconf 77' lang='lat' dir='ltr'>decurrent</span> <span class='ocrx_word' id='word_1_139' title='bbox 1061 3019 1210 3084; x_wconf 84' lang='lat' dir='ltr'>earmina</span> <span class='ocrx_word' id='word_1_140' title='bbox 1233 3041 1330 3085; x_wconf 89' lang='lat' dir='ltr'>uersu</span> <span class='ocrx_word' id='word_1_141' title='bbox 1356 3045 1364 3074; x_wconf 63' lang='lat' dir='ltr'>s</span> 
     </span>
     <span class='ocr_line' id='line_1_24' title="bbox 484 3125 1397 3209; baseline 0.003 -20"><span class='ocrx_word' id='word_1_142' title='bbox 484 3126 586 3208; x_wconf 84' lang='lat' dir='ltr'>Tunc,</span> <span class='ocrx_word' id='word_1_143' title='bbox 612 3127 776 3209; x_wconf 78' lang='lat' dir='ltr'>Meliboee,</span> <span class='ocrx_word' id='word_1_144' title='bbox 801 3147 906 3189; x_wconf 85' lang='lat' dir='ltr'>ueuuc</span> <span class='ocrx_word' id='word_1_145' title='bbox 929 3125 960 3190; x_wconf 94' lang='lat' dir='ltr'>si</span> <span class='ocrx_word' id='word_1_146' title='bbox 983 3129 1114 3208; x_wconf 80' lang='lat' dir='ltr'>quando</span> <span class='ocrx_word' id='word_1_147' title='bbox 1137 3127 1301 3192; x_wconf 81' lang='lat' dir='ltr'>arantibus</span> <span class='ocrx_word' id='word_1_148' title='bbox 1323 3127 1397 3192; x_wconf 92' lang='lat' dir='ltr'>istis</span> 
     </span>
     <span class='ocr_line' id='line_1_25' title="bbox 487 3232 1364 3315; baseline 0.002 -19"><span class='ocrx_word' id='word_1_149' title='bbox 487 3233 593 3299; x_wconf 87' lang='lat' dir='ltr'>Dicar</span> <span class='ocrx_word' id='word_1_150' title='bbox 616 3234 731 3298; x_wconf 80' lang='lat' dir='ltr'>labere</span> <span class='ocrx_word' id='word_1_151' title='bbox 754 3233 884 3315; x_wconf 77' lang='lat' dir='ltr'>Lareni,</span> <span class='ocrx_word' id='word_1_152' title='bbox 910 3232 940 3297; x_wconf 89' lang='lat' dir='ltr'>si</span> <span class='ocrx_word' id='word_1_153' title='bbox 963 3236 1094 3314; x_wconf 77' lang='lat' dir='ltr'>quaudo</span> <span class='ocrx_word' id='word_1_154' title='bbox 1117 3240 1230 3299; x_wconf 90' lang='lat' dir='ltr'>nostra</span> <span class='ocrx_word' id='word_1_155' title='bbox 1254 3235 1364 3299; x_wconf 85' lang='lat' dir='ltr'>uidere</span> 
     </span>
     <span class='ocr_line' id='line_1_26' title="bbox 485 3339 1337 3424; baseline 0.002 -20"><span class='ocrx_word' id='word_1_156' title='bbox 485 3340 619 3405; x_wconf 90' lang='lat' dir='ltr'>Pascua</span> <span class='ocrx_word' id='word_1_157' title='bbox 643 3339 831 3424; x_wconf 84' lang='lat' dir='ltr'>eontiperitl</span> <span class='ocrx_word' id='word_1_158' title='bbox 851 3339 943 3404; x_wconf 88' lang='lat' dir='ltr'>uellit</span> <span class='ocrx_word' id='word_1_159' title='bbox 965 3362 1042 3405; x_wconf 89' lang='lat' dir='ltr'>narn</span> <span class='ocrx_word' id='word_1_160' title='bbox 1066 3340 1199 3424; x_wconf 87' lang='lat' dir='ltr'>saepius</span> <span class='ocrx_word' id='word_1_161' title='bbox 1224 3363 1337 3406; x_wconf 92' lang='lat' dir='ltr'>aurern</span> 
     </span>
    </p>

    <p class='ocr_par' dir='ltr' id='par_1_6' title="bbox 423 3446 1229 3530">
     <span class='ocr_line' id='line_1_27' title="bbox 423 3446 1229 3530; baseline 0.001 -19"><span class='ocrx_word' id='word_1_162' title='bbox 423 3523 425 3528; x_wconf 23' lang='grc' dir='ltr'>Ι</span> <span class='ocrx_word' id='word_1_163' title='bbox 484 3446 607 3512; x_wconf 82' lang='lat' dir='ltr'>Inuicto</span> <span class='ocrx_word' id='word_1_164' title='bbox 626 3453 811 3530; x_wconf 74' lang='lat' dir='ltr'>paupertas</span> <span class='ocrx_word' id='word_1_165' title='bbox 836 3451 866 3512; x_wconf 93' lang='lat' dir='ltr'>et</span> <span class='ocrx_word' id='word_1_166' title='bbox 888 3446 987 3512; x_wconf 86' lang='lat' dir='ltr'>rticit:</span> <span class='ocrx_word' id='word_1_167' title='bbox 1009 3447 1108 3512; x_wconf 88' lang='lat' dir='ltr'>anilia</span> <span class='ocrx_word' id='word_1_168' title='bbox 1129 3447 1229 3513; x_wconf 85' lang='lat' dir='ltr'>cura!</span> 
     </span>
    </p>

    <p class='ocr_par' dir='ltr' id='par_1_7' title="bbox 249 3554 1394 3962">
     <span class='ocr_line' id='line_1_28' title="bbox 249 3554 1297 3640; baseline -0.001 -19"><span class='ocrx_word' id='word_1_169' title='bbox 249 3556 318 3621; x_wconf 88' lang='lat' dir='ltr'>VII</span> <span class='ocrx_word' id='word_1_170' title='bbox 343 3565 383 3622; x_wconf 84' lang='grc'>79</span> <span class='ocrx_word' id='word_1_171' title='bbox 409 3577 457 3640; x_wconf 90' lang='lat' dir='ltr'>sq.</span> <span class='ocrx_word' id='word_1_172' title='bbox 486 3554 512 3620; x_wconf 89' lang='lat'><em>0</em></span> <span class='ocrx_word' id='word_1_173' title='bbox 535 3555 664 3619; x_wconf 88' lang='lat' dir='ltr'>utiuarn</span> <span class='ocrx_word' id='word_1_174' title='bbox 687 3555 779 3620; x_wconf 88' lang='lat' dir='ltr'>nobis</span> <span class='ocrx_word' id='word_1_175' title='bbox 801 3577 868 3619; x_wconf 92' lang='lat' dir='ltr'>non</span> <span class='ocrx_word' id='word_1_176' title='bbox 891 3554 1016 3619; x_wconf 90' lang='lat' dir='ltr'>rustica</span> <span class='ocrx_word' id='word_1_177' title='bbox 1040 3555 1138 3620; x_wconf 86' lang='lat' dir='ltr'>uestis</span> <span class='ocrx_word' id='word_1_178' title='bbox 1161 3555 1297 3620; x_wconf 91' lang='lat' dir='ltr'>inesset:</span> 
     </span>
     <span class='ocr_line' id='line_1_29' title="bbox 483 3661 1394 3744; baseline 0.002 -18"><span class='ocrx_word' id='word_1_179' title='bbox 483 3662 641 3728; x_wconf 80' lang='lat' dir='ltr'><em>Vidissem</em></span> <span class='ocrx_word' id='word_1_180' title='bbox 659 3662 801 3744; x_wconf 89' lang='lat' dir='ltr'>propius</span> <span class='ocrx_word' id='word_1_181' title='bbox 823 3684 894 3727; x_wconf 83' lang='lat' dir='ltr'>urea</span> <span class='ocrx_word' id='word_1_182' title='bbox 918 3661 1080 3726; x_wconf 88' lang='lat' dir='ltr'>nurnina!</span> <span class='ocrx_word' id='word_1_183' title='bbox 1102 3664 1159 3727; x_wconf 86' lang='lat' dir='ltr'>sert</span> <span class='ocrx_word' id='word_1_184' title='bbox 1181 3663 1262 3728; x_wconf 79' lang='lat' dir='ltr'>inihi</span> <span class='ocrx_word' id='word_1_185' title='bbox 1284 3666 1394 3729; x_wconf 76' lang='lat' dir='ltr'>sorites</span> 
     </span>
     <span class='ocr_line' id='line_1_30' title="bbox 484 3768 1320 3854; baseline 0.001 -20"><span class='ocrx_word' id='word_1_186' title='bbox 484 3770 651 3852; x_wconf 83' lang='lat' dir='ltr'>Pullaque</span> <span class='ocrx_word' id='word_1_187' title='bbox 669 3775 853 3854; x_wconf 72' lang='lat' dir='ltr'>paupertas</span> <span class='ocrx_word' id='word_1_188' title='bbox 877 3774 908 3834; x_wconf 91' lang='lat' dir='ltr'>et</span> <span class='ocrx_word' id='word_1_189' title='bbox 930 3771 1058 3835; x_wconf 81' lang='lat' dir='ltr'>adunco</span> <span class='ocrx_word' id='word_1_190' title='bbox 1081 3768 1185 3848; x_wconf 81' lang='lat' dir='ltr'>fibula</span> <span class='ocrx_word' id='word_1_191' title='bbox 1208 3792 1320 3836; x_wconf 83' lang='lat' dir='ltr'>urorsu</span> 
     </span>
     <span class='ocr_line' id='line_1_31' title="bbox 487 3877 680 3962; baseline -0.01 -19"><span class='ocrx_word' id='word_1_192' title='bbox 487 3877 680 3962; x_wconf 81' lang='lat' dir='ltr'>Obfueruut.</span> 
     </span>
    </p>

    <p class='ocr_par' dir='ltr' id='par_1_8' title="bbox 249 3985 1421 4372">
     <span class='ocr_line' id='line_1_32' title="bbox 355 3985 1421 4072; baseline -0.001 -22"><span class='ocrx_word' id='word_1_193' title='bbox 355 3985 513 4051; x_wconf 80' lang='lat' dir='ltr'>Lucanus</span> <span class='ocrx_word' id='word_1_194' title='bbox 546 3985 650 4072; x_wconf 88' lang='lat' dir='ltr'>igitur</span> <span class='ocrx_word' id='word_1_195' title='bbox 683 4008 760 4051; x_wconf 86' lang='lat' dir='ltr'>eum</span> <span class='ocrx_word' id='word_1_196' title='bbox 789 4008 859 4052; x_wconf 86' lang='lat' dir='ltr'>rem</span> <span class='ocrx_word' id='word_1_197' title='bbox 888 4008 907 4052; x_wconf 83' lang='lat' dir='ltr'>a</span> <span class='ocrx_word' id='word_1_198' title='bbox 932 3985 1115 4072; x_wconf 82' lang='lat' dir='ltr'>Calpurnio</span> <span class='ocrx_word' id='word_1_199' title='bbox 1144 3994 1319 4052; x_wconf 79' lang='lat' dir='ltr'>tractatam</span> <span class='ocrx_word' id='word_1_200' title='bbox 1348 3985 1421 4072; x_wconf 90' lang='lat' dir='ltr'>ipse</span> 
     </span>
     <span class='ocr_line' id='line_1_33' title="bbox 250 4091 1421 4180; baseline 0.003 -25"><span class='ocrx_word' id='word_1_201' title='bbox 250 4099 425 4178; x_wconf 86' lang='lat' dir='ltr'>repeteret,</span> <span class='ocrx_word' id='word_1_202' title='bbox 458 4093 493 4157; x_wconf 93' lang='lat' dir='ltr'>in</span> <span class='ocrx_word' id='word_1_203' title='bbox 528 4114 673 4180; x_wconf 85' lang='lat' dir='ltr'>persona</span> <span class='ocrx_word' id='word_1_204' title='bbox 708 4091 898 4178; x_wconf 81' lang='lat' dir='ltr'>Thamyrae</span> <span class='ocrx_word' id='word_1_205' title='bbox 930 4091 1018 4158; x_wconf 87' lang='lat' dir='ltr'>vatis</span> <span class='ocrx_word' id='word_1_206' title='bbox 1050 4092 1134 4171; x_wconf 90' lang='lat' dir='ltr'>veri,</span> <span class='ocrx_word' id='word_1_207' title='bbox 1168 4093 1225 4179; x_wconf 90' lang='lat' dir='ltr'>qui</span> <span class='ocrx_word' id='word_1_208' title='bbox 1256 4093 1421 4159; x_wconf 87' lang='lat' dir='ltr'>instinctu</span> 
     </span>
     <span class='ocr_line' id='line_1_34' title="bbox 250 4199 1420 4286; baseline 0.002 -23"><span class='ocrx_word' id='word_1_209' title='bbox 250 4199 419 4284; x_wconf 84' lang='lat' dir='ltr'>Apollinis</span> <span class='ocrx_word' id='word_1_210' title='bbox 444 4199 544 4277; x_wconf 88' lang='lat' dir='ltr'>canit,</span> <span class='ocrx_word' id='word_1_211' title='bbox 574 4199 722 4286; x_wconf 83' lang='lat' dir='ltr'>praemia</span> <span class='ocrx_word' id='word_1_212' title='bbox 745 4222 814 4264; x_wconf 91' lang='lat' dir='ltr'>non</span> <span class='ocrx_word' id='word_1_213' title='bbox 840 4207 944 4278; x_wconf 87' lang='lat' dir='ltr'>curat,</span> <span class='ocrx_word' id='word_1_214' title='bbox 976 4221 1011 4264; x_wconf 90' lang='lat' dir='ltr'>se</span> <span class='ocrx_word' id='word_1_215' title='bbox 1034 4199 1146 4286; x_wconf 88' lang='lat' dir='ltr'>ipsum</span> <span class='ocrx_word' id='word_1_216' title='bbox 1170 4223 1246 4266; x_wconf 90' lang='lat' dir='ltr'>cum</span> <span class='ocrx_word' id='word_1_217' title='bbox 1270 4201 1327 4266; x_wconf 93' lang='lat' dir='ltr'>illo</span> <span class='ocrx_word' id='word_1_218' title='bbox 1352 4225 1420 4267; x_wconf 86' lang='lat' dir='ltr'>oer-</span> 
     </span>
     <span class='ocr_line' id='line_1_35' title="bbox 249 4305 745 4372; baseline -0.002 -1"><span class='ocrx_word' id='word_1_219' title='bbox 249 4315 378 4372; x_wconf 87' lang='lat' dir='ltr'>tantem</span> <span class='ocrx_word' id='word_1_220' title='bbox 402 4305 577 4371; x_wconf 86' lang='lat' dir='ltr'>induxisse</span> <span class='ocrx_word' id='word_1_221' title='bbox 600 4306 745 4372; x_wconf 88' lang='lat' dir='ltr'>videtur.</span> 
     </span>
    </p>

    <p class='ocr_par' dir='ltr' id='par_1_9' title="bbox 249 4413 1421 4819">
     <span class='ocr_line' id='line_1_36' title="bbox 357 4413 1421 4480; baseline 0.001 -2"><span class='ocrx_word' id='word_1_222' title='bbox 357 4413 466 4478; x_wconf 88' lang='lat' dir='ltr'>Midas</span> <span class='ocrx_word' id='word_1_223' title='bbox 489 4436 570 4479; x_wconf 87' lang='lat' dir='ltr'>vero</span> <span class='ocrx_word' id='word_1_224' title='bbox 594 4413 695 4480; x_wconf 88' lang='lat' dir='ltr'>huius</span> <span class='ocrx_word' id='word_1_225' title='bbox 720 4413 911 4479; x_wconf 84' lang='lat' dir='ltr'>certaminis</span> <span class='ocrx_word' id='word_1_226' title='bbox 936 4413 1060 4480; x_wconf 85' lang='lat' dir='ltr'>arbiter</span> <span class='ocrx_word' id='word_1_227' title='bbox 1077 4415 1167 4479; x_wconf 85' lang='lat' dir='ltr'>haud</span> <span class='ocrx_word' id='word_1_228' title='bbox 1185 4413 1253 4479; x_wconf 88' lang='lat' dir='ltr'>scio</span> <span class='ocrx_word' id='word_1_229' title='bbox 1271 4437 1313 4479; x_wconf 85' lang='lat' dir='ltr'>an</span> <span class='ocrx_word' id='word_1_230' title='bbox 1329 4413 1421 4480; x_wconf 88' lang='lat' dir='ltr'>Nero</span> 
     </span>
     <span class='ocr_line' id='line_1_37' title="bbox 249 4519 1420 4608; baseline 0.001 -23"><span class='ocrx_word' id='word_1_231' title='bbox 249 4521 322 4606; x_wconf 85' lang='lat' dir='ltr'>ipse</span> <span class='ocrx_word' id='word_1_232' title='bbox 346 4521 397 4586; x_wconf 86' lang='lat' dir='ltr'>sit.</span> <span class='ocrx_word' id='word_1_233' title='bbox 445 4521 487 4584; x_wconf 91' lang='lat' dir='ltr'>In</span> <span class='ocrx_word' id='word_1_234' title='bbox 511 4519 581 4585; x_wconf 85' lang='lat' dir='ltr'>vita</span> <span class='ocrx_word' id='word_1_235' title='bbox 605 4521 693 4587; x_wconf 87' lang='lat' dir='ltr'>enim</span> <span class='ocrx_word' id='word_1_236' title='bbox 719 4521 814 4586; x_wconf 90' lang='lat' dir='ltr'>Persi</span> <span class='ocrx_word' id='word_1_237' title='bbox 839 4522 921 4587; x_wconf 85' lang='lat' dir='ltr'>haec</span> <span class='ocrx_word' id='word_1_238' title='bbox 944 4521 1069 4608; x_wconf 88' lang='lat' dir='ltr'>scripta</span> <span class='ocrx_word' id='word_1_239' title='bbox 1092 4520 1236 4608; x_wconf 83' lang='lat' dir='ltr'>legimus</span> <span class='ocrx_word' id='word_1_240' title='bbox 1261 4526 1300 4586; x_wconf 97' lang='lat' dir='ltr'>ut</span> <span class='ocrx_word' id='word_1_241' title='bbox 1323 4521 1420 4586; x_wconf 83' lang='lat' dir='ltr'>etiarn</span> 
     </span>
     <span class='ocr_line' id='line_1_38' title="bbox 250 4627 1420 4711; baseline 0 -19"><span class='ocrx_word' id='word_1_242' title='bbox 250 4627 411 4693; x_wconf 82' lang='lat' dir='ltr'>Neronem</span> <span class='ocrx_word' id='word_1_243' title='bbox 435 4627 622 4711; x_wconf 87' lang='lat' dir='ltr'>principun</span> <span class='ocrx_word' id='word_1_244' title='bbox 650 4628 744 4694; x_wconf 91' lang='lat' dir='ltr'>illius</span> <span class='ocrx_word' id='word_1_245' title='bbox 774 4628 925 4710; x_wconf 82' lang='lat' dir='ltr'>temporis</span> <span class='ocrx_word' id='word_1_246' title='bbox 953 4627 1174 4710; x_wconf 81' lang='lat' dir='ltr'>inculpaverit</span> <span class='ocrx_word' id='word_1_247' title='bbox 1201 4630 1258 4710; x_wconf 87' lang='lat' dir='ltr'>(sc.</span> <span class='ocrx_word' id='word_1_248' title='bbox 1283 4628 1420 4693; x_wconf 86' lang='lat' dir='ltr'>Persius</span> 
     </span>
     <span class='ocr_line' id='line_1_39' title="bbox 251 4734 1421 4819; baseline 0 -20"><span class='ocrx_word' id='word_1_249' title='bbox 251 4734 385 4819; x_wconf 82' lang='lat' dir='ltr'>satiris).</span> <span class='ocrx_word' id='word_1_250' title='bbox 420 4735 516 4802; x_wconf 89' lang='lat' dir='ltr'>cuius</span> <span class='ocrx_word' id='word_1_251' title='bbox 532 4757 645 4802; x_wconf 89' lang='lat' dir='ltr'>uersus</span> <span class='ocrx_word' id='word_1_252' title='bbox 662 4736 698 4800; x_wconf 92' lang='lat' dir='ltr'>iu</span> <span class='ocrx_word' id='word_1_253' title='bbox 714 4735 877 4801; x_wconf 83' lang='lat' dir='ltr'>Neronem</span> <span class='ocrx_word' id='word_1_254' title='bbox 893 4757 965 4800; x_wconf 87' lang='lat' dir='ltr'>curu</span> <span class='ocrx_word' id='word_1_255' title='bbox 982 4735 1030 4800; x_wconf 91' lang='lat' dir='ltr'>ita</span> <span class='ocrx_word' id='word_1_256' title='bbox 1045 4757 1079 4800; x_wconf 90' lang='lat' dir='ltr'>se</span> <span class='ocrx_word' id='word_1_257' title='bbox 1095 4736 1225 4800; x_wconf 82' lang='lat' dir='ltr'>haberet</span> <span class='ocrx_word' id='word_1_258' title='bbox 1241 4735 1421 4802; x_wconf 85' lang='lat' dir='ltr'>‘auriculas</span> 
     </span>
    </p>
   </div>
   <div class='ocr_carea' id='block_1_3' title="bbox 0 0 1786 5492">
    <p class='ocr_par' dir='ltr' id='par_1_10' title="bbox 0 0 1786 5492">
     <span class='ocr_line' id='line_1_40' title="bbox 0 0 1786 5492; baseline 0 0"><span class='ocrx_word' id='word_1_259' title='bbox 0 0 1786 5492; x_wconf 95' lang='lat' dir='ltr'> </span> 
     </span>
    </p>
   </div>
  </div>
 </body>
</html>
