3544 5494
756 561 980 619 ..11-

281 769 314 836 V
329 779 414 837 1190
425 769 687 854 Noetioopaeqae
698 769 787 854 faces
800 770 882 836 coeli
896 772 1110 853 flammaeque
1120 771 1265 836 volantes
1282 777 1339 836 aut
1355 769 1456 835 aOic.

282 877 324 942 da
349 885 416 943 nat.
442 877 533 943 deor.
551 878 620 944 115
653 877 738 942 Tam
759 877 890 961 faeitas
917 877 997 943 aisis
1026 876 1226 960 caelestibus,
1258 883 1326 942 tam
1354 877 1458 943 stellis

281 984 333 1066 iis,
358 1006 441 1067 qaas
465 985 583 1051 Graeci
606 990 751 1068 cometas,
776 985 883 1051 mostri
905 985 1042 1050 oriaitas
1063 989 1188 1050 ooeaat.
1234 983 1458 1070 Reliquorum

281 1114 363 1157 varo
392 1091 637 1179 prodigiorum,
668 1115 754 1179 quae
783 1094 847 1158 hoc
873 1092 948 1158 loco
972 1093 1131 1157 Lucanus
1160 1091 1273 1170 affert,
1303 1091 1458 1178 exempla

283 1198 490 1265 omniafere
513 1200 604 1286 apud
627 1199 764 1265 Livium
787 1199 935 1265 inveniri
958 1206 1111 1286 possunt.
1152 1199 1295 1264 Etiamsi
1317 1221 1354 1264 re
1377 1221 1459 1266 vera

283 1305 447 1372 Senecam
462 1306 627 1372 imitando
644 1307 857 1393 exprimeret,
875 1306 971 1372 aliter
987 1308 1070 1372 haec
1087 1328 1140 1372 res
1157 1305 1317 1394 explicari
1332 1314 1456 1394 posset.

283 1413 370 1479 Nam
395 1413 543 1479 Senecae
572 1414 683 1501 patrui
714 1413 883 1480 cotidiana
910 1421 1001 1480 certe
1029 1413 1276 1480 consuetudine
1299 1415 1458 1480 Lucanus

282 1520 450 1586 utebatur.
497 1515 588 1587 Num
617 1521 721 1608 igitur
749 1521 872 1587 mirum
902 1543 976 1587 esse
1005 1528 1127 1608 potest,
1159 1520 1250 1608 quod
1280 1521 1370 1608 apud
1400 1543 1457 1586 eos

283 1627 521 1693 similitudines
547 1629 712 1715 quaedam
735 1627 960 1695 inveniuntur
968 1625 1016 1714 ¹)‘l

389 1734 555 1801 Videmus
583 1735 689 1821 igitur
713 1759 754 1801 ex
783 1759 822 1802 ea
846 1735 1086 1802 concordantia
1114 1735 1198 1802 nihil
1228 1736 1270 1801 de
1293 1741 1456 1823 tempore,

284 1864 350 1928 quo
373 1841 452 1907 libri
474 1842 529 1906 III
552 1842 682 1929 priores
706 1842 789 1908 editi
813 1843 891 1922 sint,
915 1843 1073 1909 concludi
1097 1865 1206 1930 posse.

390 1950 547 2016 Alterum
565 1973 647 2016 vero
664 1959 902 2037 argumentum
919 1952 1159 2038 gravissimum
1180 1952 1308 2039 primus
1326 1950 1458 2016 Gercka

284 2055 405 2135 attulit,
435 2057 493 2142 qui
515 2057 533 2121 Ι
557 2067 621 2125 529
651 2064 830 2124 metantem
858 2081 960 2144 reama
987 2065 1128 2126 cometem
1151 2061 1328 2125 Lucanum
1352 2065 1457 2123 muta-

284 2172 398 2229 turum
416 2164 522 2229 fuisse
538 2164 795 2244 demonstravit,
819 2165 848 2230 si
863 2166 940 2232 libri
956 2166 1005 2232 illi
1021 2166 1149 2253 priores
1166 2173 1243 2254 post
1260 2188 1387 2232 annum
1404 2174 1457 2244 60,

282 2293 351 2356 quo
375 2279 529 2337 cometen
545 2273 742 2359 apparuisse
762 2281 904 2352 constat,
929 2274 964 2339 in
988 2274 1098 2339 lucam
1115 2273 1363 2361 prodiissent2).
1405 2272 1456 2337 Of.
1537 2255 1559 2288 '¹

283 2378 361 2444 Tac.
386 2402 464 2444 ann.
488 2379 577 2445 XIV
594 2390 636 2447 22
660 2381 755 2447 sidus
772 2386 904 2448 cometes
928 2386 969 2468 (a.
989 2387 1044 2468 60)
1069 2381 1203 2468 effulsit,
1228 2386 1268 2448 de
1289 2403 1351 2464 aaa
1367 2381 1459 2466 vulpi

284 2486 393 2569 opimio
428 2494 483 2572 ost,
521 2494 685 2571 tamquam
726 2491 938 2556 mutationem
977 2491 1063 2574 repis
1097 2493 1285 2573 portendat.
1346 2489 1459 2574 Iaitar

284 2593 470 2675 quostiam
498 2598 634 2678 depulso
656 2597 796 2680 Nereae,
833 2582 986 2680 anismam
1010 2597 1192 2681 stiparetur,
1229 2596 1456 2679 acquirebant.

391 2703 511 2787 Itaque
534 2703 704 2782 LucanuS,
728 2728 772 2769 ue
795 2705 982 2791 principem
1003 2705 1162 2783 laederet,
1187 2705 1304 2770 saltem
1330 2702 1458 2789 aliquid

285 2808 410 2873 addere
448 2810 566 2876 debuit
608 2811 727 2877 eadem
760 2811 930 2890 cautione,
970 2835 1036 2898 qua
1063 2811 1265 2898 Apollonius
1293 2809 1457 2896 Myndius

285 2937 367 2980 usus
392 2925 452 2996 est,
484 2941 585 3003 quem
610 2918 739 2985 Seneca
766 2919 807 2985 N.
834 2920 895 2999 Qu.
920 2919 990 2985 VH
1017 2929 1054 2986 17
1081 2918 1274 3006 exscripsit:
1308 2919 1377 2984 Neo
1402 2923 1458 2999 est,

285 3027 372 3104 qaod
389 3029 545 3106 patemus
570 3029 706 3092 eamdem
730 3027 836 3092 visam
860 3049 927 3093 esse
949 3030 1007 3110 (sc.
1033 3032 1199 3111 cometen)
1224 3027 1284 3092 sab
1308 3024 1458 3107 Olaadio,

285 3151 379 3211 auem
402 3132 462 3196 aab
475 3131 626 3216 Aapasto
642 3134 795 3217 uidimus,
820 3157 878 3200 aee
895 3135 991 3217 dame,
1016 3133 1074 3216 qai
1097 3135 1156 3199 aab
1173 3134 1305 3199 Neruae
1321 3131 1460 3198 Caesare

286 3237 445 3319 apparuit
477 3244 507 3303 et
534 3240 663 3305 cometis
695 3241 842 3306 detraxit
869 3240 1052 3324 infamiam,
1089 3239 1142 3305 aa
1173 3241 1312 3306 similem
1343 3239 1458 3323 faisse,

285 3344 343 3425 qai
366 3347 471 3427 <post
497 3345 638 3432 aecem>
662 3346 732 3414 dioi
762 3349 851 3414 Jalii
874 3348 1006 3414 Verteris
1039 3347 1129 3412 ledis
1163 3346 1340 3413 Gemitrieis
1373 3346 1460 3411 cirea

286 3452 491 3516 tredecimam
514 3454 626 3518 boram
650 3455 717 3520 diei
741 3456 878 3520 emersit.

393 3558 559 3624 Videmus
583 3560 687 3645 igitur
710 3562 813 3626 libros
838 3562 913 3627 illos
938 3561 1006 3627 iam
1029 3569 1209 3646 antequam
1232 3559 1288 3626 hic
1311 3567 1458 3625 cometes

286 3664 417 3730 effulsit
432 3665 541 3732 editos
554 3689 638 3732 esse.
663 3669 771 3732 Multo
784 3667 883 3733 etiam
900 3669 1116 3734 verisimilius
1134 3668 1215 3733 mihi
1231 3667 1367 3733 videtur
1384 3688 1459 3732 esse

286 3772 472 3852 Lucanum,
484 3796 583 3859 quem
599 3775 718 3842 terteris
729 3777 836 3842 addae
848 3776 885 3841 im
898 3776 1024 3860 arata)
1039 3799 1174 3840 carmen
1189 3775 1321 3862 epicum
1331 3773 1459 3839 Iliacon

286 3880 473 3946 confecisse
489 3881 651 3948 traditum
675 3896 736 3963 est,
760 3883 826 3949 iem
843 3906 882 3948 eo
899 3890 1061 3968 tempore,
1073 3898 1153 3968 ‘quo
1170 3882 1316 3949 Athenis
1339 3879 1459 3946 studiis
1578 3895 1582 3903 ·

287 3985 422 4052 deditus
453 3996 535 4067 erat,
570 3991 657 4055 hanc
681 3991 854 4056 materiam
884 4011 1085 4075 aggressum
1110 4012 1194 4055 esse.
1250 3990 1370 4074 Itaque
1402 3988 1460 4053 vix

287 4094 448 4158 credibile
465 4104 606 4162 osteum
619 4119 708 4162 anno
722 4107 763 4165 63
781 4099 917 4163 demum
930 4097 1031 4162 huius
1048 4096 1205 4162 carminis
1222 4094 1461 4160 conscribendi

287 4200 465 4268 consilium
494 4203 641 4290 cepisse;
677 4205 802 4291 vixque
831 4204 990 4291 explicari
1021 4212 1142 4291 potest,
1177 4225 1322 4290 quonam
1359 4202 1460 4268 modo

287 4316 362 4374 octo
386 4310 459 4374 fere
484 4311 575 4376 milia
592 4335 751 4378 versuum
776 4319 870 4378 tanta
886 4335 963 4377 cum
980 4318 1051 4377 arte
1068 4321 1102 4377 et
1119 4310 1295 4395 diligentia
1319 4333 1338 4375 a
1362 4323 1461 4396 poeta

392 4489 415 4561 ¹)
436 4489 478 4543 Of.
498 4489 588 4556 Diels,
608 4489 719 4545 Seneca
737 4489 798 4544 und
816 4490 926 4544 Lucan.
964 4489 1090 4560 Abhdlg.
1110 4488 1136 4542 d.
1156 4488 1232 4542 Berl.
1253 4487 1306 4542 Ak.
1326 4487 1353 4540 d.
1373 4488 1460 4543 Wiss.

288 4577 357 4633 1885
375 4598 402 4650 p.
416 4580 441 4634 4.

435 4669 683 4726 Seneca-Studien
702 4689 729 4742 p.
750 4672 801 4725 108
820 4688 862 4743 sq.

394 4671 404 4704 2

392 4668 416 4829 ri
436 4757 508 4814 sear.
528 4759 597 4814 sav.
618 4760 647 4814 11
664 4761 688 4828 r,
708 4761 750 4818 54.
