3544 5494
735 539 958 632 “29⁸⁸

364 747 533 829 Quantum
563 760 674 817 autem
704 753 794 819 Nero
824 777 901 820 eum
926 755 1093 835 metuerit,
1124 767 1223 824 etex
1248 756 1324 824 Tac.
1351 783 1429 826 ann.

255 859 346 923 XIII
362 867 402 926 47
422 868 512 924 etex
530 860 737 924 Pseudosen.
786 861 902 930 Octav.
920 885 952 928 v.
971 873 1034 930 438
1052 887 1100 950 sq.
1127 867 1288 950 cognosci
1304 875 1430 953 potest:

416 966 544 1050 Peruqe
567 968 865 1051 immaturitate,
891 971 948 1050 qul
970 970 1090 1036 Pluull
1112 972 1194 1037 ualli

416 1074 592 1156 Sullaeque
615 1076 701 1140 caesi
724 1075 847 1158 referat
870 1077 1030 1142 abscisum
1055 1085 1163 1161 capul.

256 1190 320 1249 464
342 1204 391 1266 sq.
415 1182 535 1246 Eulllu
558 1205 624 1246 uou
647 1182 773 1267 frcqere
795 1189 969 1250 summotos
985 1187 1107 1274 ‚procul

414 1290 577 1354 Pluuluru
601 1296 698 1371 alque
721 1291 859 1373 Sullam,
879 1291 1040 1373 pcrlluuu
1065 1315 1202 1374 quorum
1225 1294 1322 1377 furor

416 1396 535 1462 Armul
557 1397 724 1462 ullulslros
746 1398 877 1464 sceleris
900 1397 937 1462 lu
961 1402 1088 1464 eaedem
1111 1423 1224 1466 meum.

362 1505 422 1568 llle
450 1504 555 1589 igitur
579 1504 673 1569 Sulla
697 1505 825 1570 Neroni
849 1505 883 1569 in
916 1513 1063 1571 mentem
1087 1509 1321 1585 revocabatur,
1351 1531 1427 1574 cum

255 1634 287 1677 v.
306 1621 345 1678 31
372 1611 465 1674 Elius.
483 1611 519 1674 ΙΙ
543 1611 689 1677 audiret:
1125 1679 1129 1686 ,

414 1718 478 1783 Sea
496 1719 616 1800 procul
640 1741 660 1784 a
683 1719 776 1784 uella
799 1719 921 1802 lufcllu
943 1721 1049 1804 qlcrlu
1073 1722 1196 1787 Sullae.

223 1910 230 1924 ,
277 1847 281 1856 ·
360 1827 479 1910 Itaque
504 1848 535 1890 v.
561 1835 604 1892 28
635 1849 768 1912 quoque
797 1827 851 1891 sic.
873 1828 1049 1914 intellego:
1078 1829 1180 1895 Nulla
1206 1831 1273 1896 iam
1302 1829 1430 1895 femina

255 1943 400 2018 puerum
421 1933 517 2018 parit,
548 1935 605 2018 qui
633 1934 695 1999 tibi
719 1957 863 2019 regnum
893 1935 1021 2020 eripere
1052 1945 1180 2021 posset:
1209 1937 1428 2003 Britannicus

255 2039 396 2116 occisus
426 2040 519 2105 Sulla
542 2041 578 2105 in
608 2041 745 2106 exilium
775 2041 897 2106 missus
926 2051 986 2106 est.
1034 2042 1198 2108 Stoliduru
1222 2066 1303 2109 vero
1323 2066 1427 2126 pecus

254 2147 296 2210 ad
321 2146 396 2212 illos
422 2149 578 2233 pertinet,
604 2149 660 2233 qui
686 2171 762 2213 cum
786 2149 891 2214 Paeto
908 2149 1057 2214 Thrasea
1081 2173 1158 2215 eum
1182 2151 1312 2216 adulari
1335 2153 1427 2218 nole-

254 2253 345 2318 bant.
393 2253 519 2320 Auuuu
543 2264 655 2320 autem
680 2261 753 2321 colu
778 2256 903 2342 optime
925 2257 1094 2342 quadrant
1111 2258 1154 2323 ad
1170 2259 1427 2341 supplicullcues

253 2361 327 2425 illas
357 2370 390 2425 et
419 2384 548 2427 cuuuoa
578 2364 672 2428 ludos
696 2387 715 2428 a
739 2371 860 2428 senatu
888 2364 1052 2429 decretos
1101 2366 1210 2443 Quare
1240 2389 1374 2432 carmen
1400 2368 1428 2432 si

254 2491 342 2534 anno
368 2478 409 2535 60
438 2470 661 2547 vindicamus
697 2472 802 2536 multo
833 2471 1013 2536 dilucidius
1046 2474 1220 2558 multoque
1251 2473 1426 2540 efficacius

252 2576 304 2653 fit,
328 2599 405 2641 cum
430 2599 483 2641 res
509 2579 608 2642 modo
633 2587 746 2664 gestas
770 2587 849 2643 ante
873 2580 988 2644 oculos
1013 2588 1126 2666 ponat.

361 2683 505 2749 Carmen
529 2686 546 2748 I
575 2685 617 2750 ab
647 2686 804 2751 omnibus
837 2686 908 2751 fere
936 2687 1019 2751 viris
1049 2687 1157 2751 doctis
1186 2709 1275 2752 anno
1301 2697 1343 2756 64
1370 2689 1426 2753 tri·

253 2793 377 2857 buitur.
424 2793 595 2869 Neronem
625 2793 868 2870 citharoedum,
898 2794 955 2879 qui
978 2793 1078 2858 Ἰλίου
1104 2795 1224 2860 ἅλωσιν
1256 2795 1426 2873 cecinerit,

253 2899 415 2964 celebrari
443 2900 558 2984 liquet.
605 2900 704 2965 Illam
733 2923 814 2965 vero
844 2900 944 2965 Ἰλίου
974 2902 1093 2966 ἅλωσιν
1122 2901 1293 2966 Neronem
1316 2902 1427 2967 Roma

252 3006 420 3091 flagrante
444 3008 605 3073 cecinisse
630 3008 765 3073 Tacitus
788 3009 971 3074 Suetonius
996 3009 1061 3073 Dio
1087 3008 1223 3074 Cassius
1241 3009 1422 3074 memoriae

252 3113 519 3200 prodiderunt1).
566 3117 659 3181 Nihil
694 3117 848 3182 adhunc
887 3116 1119 3200 quaestionem
1159 3117 1271 3193 refert,
1311 3124 1425 3181 utrum

171 3221 173 3228 '
252 3244 393 3285 revera
415 3222 506 3287 Nero
540 3231 623 3288 tunc
646 3225 711 3288 hoo
746 3245 880 3288 carmen
916 3222 1075 3287 cecinerit
1110 3246 1227 3288 necne.
1287 3223 1355 3287 Sed
1384 3246 1425 3288 ex

252 3329 422 3394 communi
446 3330 584 3394 testium
609 3352 778 3396 consensu
799 3330 883 3395 nihil
907 3330 998 3395 aliud
1016 3329 1173 3394 concludi
1190 3338 1301 3416 potest
1325 3354 1425 3416 quam

253 3460 341 3502 anno
359 3445 400 3503 64
426 3439 546 3504 ἅλωσιν
570 3439 661 3503 illam
683 3438 867 3524 perlectam
883 3437 999 3501 fuisse.
1040 3437 1108 3502 Vix
1126 3445 1237 3501 autem
1259 3437 1424 3524 quispiam

252 3544 434 3609 crediderit
462 3545 631 3609 Neronem
660 3546 715 3609 vel
745 3568 764 3610 a
794 3543 939 3630 pessimo
969 3545 1143 3609 adulatore
1172 3552 1309 3631 propter
1337 3545 1425 3608 hanc

252 3653 381 3718 Romae
414 3652 593 3736 flagrantis
629 3675 705 3716 cum
740 3651 841 3717 Troia
876 3653 1160 3738 comparationem
1197 3651 1424 3716 collaudatum

253 3780 337 3824 esse.
384 3759 504 3843 Neque
528 3759 711 3823 verisimile
736 3768 786 3822 est
811 3781 887 3823 eum
913 3775 989 3845 post
1012 3759 1142 3823 Romae
1170 3757 1365 3822 incendium
1388 3759 1424 3822 in

251 3869 383 3932 theatro
412 3868 476 3932 hoc
505 3889 589 3952 opus
623 3866 795 3944 cecinisse,
832 3889 908 3931 cum
937 3866 1002 3930 iam
1036 3865 1144 3951 plebis
1179 3864 1292 3930 odium
1322 3864 1357 3929 in
1389 3887 1424 3930 se

252 3975 457 4040 concitatum
482 3962 623 4039 s'entiret
651 3974 874 4060 pessimisque
899 3973 1026 4038 artibus
1052 3981 1204 4038 avertere
1229 3972 1422 4057 studeret2).

252 4083 351 4149 Certe
387 4092 499 4147 autem
535 4105 670 4148 carmen
707 4084 780 4158 hoc,
818 4082 906 4166 quod
941 4103 960 4144 a
995 4088 1094 4166 poeta
1128 4080 1294 4156 laudatur,
1331 4080 1424 4165 νόμος

251 4191 470 4276 κιθαρῳδικός
494 4198 574 4254 erat.
623 4189 707 4254 Cum
737 4211 846 4253 annus
869 4196 909 4255 64
939 4187 1102 4251 terminus
1133 4186 1187 4264 sit,
1215 4195 1294 4250 ante
1324 4208 1424 4271 quem

251 4298 474 4384 compositum
504 4307 564 4373 est,
598 4318 690 4360 nunc
717 4295 937 4380 inquiramus,
972 4317 1055 4358 num
1083 4294 1247 4386 terminus
1278 4315 1422 4378 quoque,

250 4414 327 4492 post
352 4427 452 4490 quem
478 4411 588 4468 ortum
613 4401 667 4479 sit,
692 4402 816 4466 certius
841 4401 1028 4487 significari
1053 4401 1168 4486 possit.

357 4656 380 4725 1)
398 4655 465 4708 Tac.
485 4670 543 4707 ann
556 4653 612 4708 XV
624 4653 667 4706 39.
699 4651 779 4706 Suet.
798 4650 864 4706 Ner.
879 4651 921 4705 38.
953 4651 1009 4704 Dio
1029 4650 1108 4704 uass.
1122 4649 1207 4703 LXII
1222 4649 1263 4702 18.

349 4737 380 4814 Ἴ)
401 4743 443 4797 Of.
464 4743 562 4814 Groag
581 4761 625 4813 ap.
646 4741 904 4814 Pauly-Wissowa
917 4741 964 4792 III
979 4741 1002 4793 1.
1021 4759 1047 4810 p.
1064 4739 1140 4793 1379.
