3544 5494
766 1409 965 1549 Caput
1001 1413 1093 1517 ΙΙΙ.

448 1625 491 1690 In
515 1623 623 1712 capite
646 1625 711 1690 hoc
734 1622 862 1701 ultimo,
893 1646 993 1711 quam
1018 1645 1121 1710 supra
1143 1625 1291 1712 promisi,
1321 1649 1444 1693 novam
1473 1650 1515 1693 ex

342 1741 438 1820 parte
461 1731 773 1818 interpretationem
797 1731 983 1796 carminum
1009 1731 1153 1817 pessime
1176 1732 1376 1799 traditorum
1396 1757 1513 1822 propo·

342 1863 424 1905 nere
447 1826 566 1905 auden.
612 1839 752 1904 Initium
775 1861 858 1903 vero
883 1862 902 1904 a
926 1838 1073 1903 carmine
1090 1839 1125 1903 II
1149 1839 1260 1905 facere
1285 1842 1393 1919 liceat,
1418 1841 1513 1907 cuius

342 1946 452 2012 forma
475 1945 584 2032 magis
608 1944 786 2032 perspicua
811 1954 861 2010 est
886 1967 986 2030 quam
1010 1946 1167 2012 carminis
1191 1947 1217 2010 Ι.

451 2052 595 2119 Carmen
623 2055 688 2119 hoc
711 2052 747 2117 Π
776 2052 930 2139 dialogus
959 2062 1009 2118 est
1038 2053 1222 2140 Glycerani
1250 2064 1284 2120 et
1306 2057 1450 2142 Mystae,
1478 2057 1513 2122 in

343 2159 438 2226 cuius
462 2168 557 2247 parte
573 2160 677 2226 altera
702 2163 770 2244 (vv.
792 2168 911 2246 1-14)
936 2159 1147 2246 Glyceranus
1165 2163 1298 2248 Mystae
1322 2164 1513 2249 persuadet,

343 2274 381 2332 ut
408 2265 670 2332 taciturnitatem
699 2289 794 2332 suam
824 2266 943 2332 mittat.
997 2267 1070 2345 Qua
1099 2290 1134 2332 re
1162 2269 1293 2354 Mystes
1327 2276 1514 2335 commotus

343 2375 410 2442 iam
426 2375 462 2442 in
481 2383 574 2462 parte
590 2375 694 2440 altera
718 2375 788 2461 (vv.
809 2379 950 2460 15-38)
976 2375 1167 2461 Glycerano
1191 2376 1328 2455 indicat,
1353 2399 1419 2462 qua
1435 2399 1515 2442 cura

344 2482 476 2549 animus
501 2481 708 2548 sollicitetur.
1435 2502 1437 2506 ’

450 2591 549 2656 Hanc
578 2612 711 2675 quoque
740 2595 880 2677 partem,
910 2589 1053 2676 quaein
1078 2590 1194 2656 codice
1217 2591 1278 2656 uni
1301 2592 1434 2677 Mystae
1458 2591 1514 2657 tri-

343 2697 468 2777 buitur,
492 2697 664 2784 dialogum
689 2718 763 2762 esse
787 2696 989 2762 videbimus.

450 2806 564 2891 Atque
598 2805 742 2892 primum
775 2827 832 2870 vv.
857 2814 877 2871 2
907 2812 940 2869 et
969 2815 988 2872 3
1021 2805 1241 2891 interpolatos
1275 2827 1349 2872 esse
1382 2829 1513 2872 censeo.

344 2913 450 2978 Plane
473 2912 562 2978 enim
587 2924 725 2999 propter
749 2912 985 2997 loquacitatem
1008 2935 1028 2977 a
1051 2912 1279 2976 taciturnitate
1303 2913 1435 2998 Mystae
1460 2914 1515 2979 ab·

343 3021 493 3097 horrent,
530 3041 615 3104 quae
649 3018 763 3083 verbis
799 3018 960 3091 brevibus
988 3026 1022 3082 et
1050 3017 1202 3104 abruptis
1236 3019 1433 3105 designatur
1458 3023 1514 3103 (f.

343 3149 400 3193 vv.
420 3127 476 3194 lb.
501 3126 559 3192 4b.
586 3126 643 3192 cb.
670 3135 723 3193 6a.
751 3129 794 3210 7.)
839 3125 968 3191 Versus
992 3125 1027 3190 hi
1051 3126 1188 3192 omnino
1214 3125 1299 3192 nihil
1323 3126 1413 3192 aliud
1439 3151 1515 3194 con·

343 3234 453 3300 tinent
470 3231 536 3324 nisi
552 3232 742 3298 uberiorem
759 3233 1028 3320 explanationem
1045 3255 1077 3298 v.
1098 3235 1169 3301 lb.:
1194 3257 1292 3302 curae
1307 3257 1378 3301 meu
1391 3237 1516 3321 paedia

345 3342 487 3423 turbaret,
514 3363 534 3406 a
556 3339 691 3405 librario
715 3341 860 3424 quodam
879 3348 1016 3426 propter
1040 3340 1294 3407 similitudinem
1311 3341 1346 3406 in
1364 3342 1515 3428 margine

345 3454 550 3524 annotatam,
575 3469 660 3532 quae
684 3455 800 3533 postea
823 3447 858 3512 in
883 3455 1012 3514 textum
1033 3448 1161 3516 inserta
1184 3457 1245 3515 est.
1294 3450 1391 3529 Quod
1415 3449 1514 3514 etiam

345 3554 505 3642 cognosci
528 3561 640 3641 potest
665 3577 705 3617 ex
729 3554 902 3620 vocabulis
928 3557 1025 3640 clupea
1041 3563 1075 3621 et
1086 3559 1215 3641 pocula,
1241 3580 1326 3643 quae
1350 3558 1392 3622 ad
1417 3578 1515 3621 usum

346 3670 379 3730 et
403 3684 593 3728 sermonem
616 3668 789 3747 pastorum
818 3684 887 3726 non
917 3663 1084 3748 quadrant
1117 3665 1173 3747 (ef.
1211 3664 1306 3730 Serv.
1344 3665 1385 3729 ed
1410 3664 1514 3750 Verg.

345 3773 431 3836 Aen.
448 3770 466 3834 Ι
484 3778 557 3836 706.
581 3768 739 3854 111224).
995 3841 997 3846 ,

451 3876 517 3943 Vv.
538 3884 576 3941 11
600 3883 634 3939 et
651 3885 690 3941 12
715 3876 857 3962 Mystes,
883 3899 959 3942 cum
984 3876 1110 3942 diutius
1128 3877 1283 3943 resistere
1307 3900 1376 3944 non
1400 3879 1516 3965 possit,

347 3983 462 4070 quales
487 3990 698 4069 quantaeque
723 4005 822 4048 curae
844 4006 924 4048 suae
941 3983 1019 4062 sint,
1043 4007 1213 4071 exponere
1237 3994 1341 4070 parat.
1390 3987 1457 4052 Sed
1473 4008 1517 4050 ne

347 4091 419 4156 sole
443 4097 619 4168 vexentur,
644 4098 681 4154 ut
706 4111 819 4155 secum
845 4091 996 4156 umbram
1022 4099 1123 4177 petat,
1149 4091 1291 4157 amicum
1316 4100 1440 4158 monet.

452 4196 518 4263 Vv.
539 4206 589 4264 13.
617 4205 657 4264 14
681 4207 771 4262 recte
794 4198 829 4263 in
847 4198 963 4264 codice
979 4199 1170 4283 Glycerano
1187 4198 1383 4264 tribuuntur
1406 4222 1516 4286 neque

346 4328 379 4370 v.
398 4315 449 4384 13,
479 4305 569 4390 quod
594 4304 783 4369 Buecheler
807 4305 928 4391 Hagen
958 4305 1078 4392 reliqui
1106 4305 1296 4385 voluerunt,
1325 4330 1401 4372 cum
1424 4330 1456 4373 u.
1477 4317 1516 4376 12

347 4412 608 4497 coniungendas
632 4421 693 4476 est.
739 4412 826 4478 Nam
851 4420 950 4499 poeta
973 4394 1027 4478 hic
1051 4413 1144 4498 Calp.
1162 4413 1221 4478 eel.
1239 4413 1290 4478 VI
1314 4423 1355 4481 69
1373 4436 1421 4499 sq.
1446 4415 1517 4480 imi·

346 4527 446 4597 tatur,
479 4518 538 4584 ubi
572 4519 714 4584 eandem
748 4519 980 4585 condicionem
1013 4519 1222 4586 invenimus:
1257 4521 1353 4587 alteri
1380 4522 1517 4608 pastori,

346 4625 405 4692 bui
428 4633 466 4690 ut
490 4632 624 4691 antrum
648 4633 802 4713 peterent
825 4625 1010 4713 proposuit,
1036 4626 1119 4691 alter
1143 4627 1225 4692 haec
1249 4629 1445 4714 respondet:

513 4733 666 4801 Venimus
690 4739 719 4800 et
742 4735 837 4801 tacito
861 4737 1004 4803 sonitum
1029 4737 1227 4804 mutavimus
1250 4747 1356 4804 antro.
