3544 5494
801 594 1019 654 ...42-

456 801 526 866 Has
551 807 663 888 partes
692 807 730 866 ut
754 809 843 866 recte
866 801 955 866 inter
979 801 1134 887 singulos
1166 801 1416 882 distribuamus,
1443 804 1520 869 sub·

349 907 435 975 sidio
471 908 597 973 utimur
625 908 829 974 nominibus.
890 909 999 974 Iudici
1028 909 1219 974 certaminis
1249 910 1361 974 Midae
1395 933 1519 976 nomen

350 1023 410 1080 est.
451 1016 655 1102 Accepimus
680 1015 806 1080 Midam
831 1037 945 1102 regem
963 1016 1134 1102 Phrygiae
1158 1016 1333 1082 certamini
1351 1017 1519 1104 Apollinis

349 1130 382 1187 et
405 1122 507 1187 Panis
531 1123 694 1188 arbitrum
717 1122 922 1190 interfuisse.

454 1231 633 1295 Pastorum
669 1230 763 1295 alteri
788 1229 986 1316 Thamyras
1022 1231 1117 1295 alteri
1151 1231 1262 1296 Ladas
1298 1253 1423 1297 nomen
1458 1239 1518 1297 est.

347 1337 443 1402 Illius
482 1359 606 1402 nomen
646 1337 835 1402 derivatum
875 1345 927 1402 est
965 1338 1007 1402 de
1046 1346 1124 1403 vate
1163 1337 1221 1403 illo
1262 1337 1430 1404 Thracum
1468 1362 1519 1404 ce·

347 1443 535 1509 laberrimo.
586 1445 639 1510 De
656 1445 749 1510 Lada
773 1444 857 1509 nihil
881 1444 952 1510 fere
976 1444 1110 1528 scimuS,
1135 1445 1201 1510 nisi
1225 1445 1267 1509 de
1291 1467 1427 1532 cursore
1450 1445 1518 1525 illo,

348 1551 443 1616 cuius
473 1552 605 1638 saepius
631 1552 720 1638 apud
749 1551 929 1638 scriptores
953 1551 1102 1618 Graecos
1131 1560 1166 1617 et
1190 1553 1362 1617 Romanos
1392 1553 1518 1618 mentio

348 1658 399 1736 fit,
429 1658 627 1744 cogitamus
677 1659 787 1723 Midae
811 1681 892 1725 vero
915 1681 1039 1725 nomen
1069 1659 1194 1746 optime
1222 1659 1264 1724 ad
1288 1682 1422 1738 munus,
1454 1683 1519 1746 quo

348 1765 382 1829 in
406 1765 553 1830 carmine
586 1765 751 1850 fungitur,
786 1766 937 1850 quadrat.
985 1765 1104 1851 Neque
1136 1766 1208 1830 veri
1238 1765 1400 1831 dissimile
1433 1768 1520 1833 duco

349 1879 493 1958 poetam,
523 1871 581 1936 ubi
606 1882 774 1937 certamen
800 1872 990 1958 Thamyrae
1014 1881 1047 1937 et
1071 1873 1184 1938 Ladae
1208 1872 1271 1937 sub
1294 1872 1405 1938 iudice
1430 1873 1520 1940 Mida

352 1979 498 2055 induxit,
528 1980 648 2045 horum
678 1994 850 2066 pastorum
876 1981 1103 2045 differentiam
1133 1980 1274 2045 eandem
1299 1980 1354 2044 vel
1377 1979 1518 2046 similem

349 2094 497 2151 statuere
520 2086 678 2164 voluisse,
696 2110 781 2172 quae
797 2087 886 2152 inter
901 2088 1094 2174 Apollinem
1111 2096 1144 2152 et
1160 2088 1287 2163 Panem
1309 2109 1420 2152 coram
1439 2111 1519 2173 rege

348 2193 501 2280 Phrygio
527 2202 694 2259 certantes
718 2194 792 2258 fuit.
827 2195 924 2273 Quod
949 2195 1091 2259 sirecte
1116 2216 1151 2260 se
1176 2194 1289 2272 habet,
1314 2193 1518 2280 Thamyram

349 2301 499 2366 omnium
524 2309 641 2366 vntum
658 2302 713 2366 vel
730 2302 985 2367 celeberrimum
1002 2324 1078 2367 cum
1096 2301 1265 2388 Apolline,
1289 2302 1417 2366 Ladam
1442 2325 1519 2367 curn

348 2408 441 2473 Pane
466 2408 744 2496 comparabimus.

455 2514 523 2580 Sed
547 2516 589 2580 ad
613 2516 687 2602 ipsa
710 2516 815 2581 verba
839 2523 1061 2582 revertamur:
1102 2538 1158 2582 vv.
1187 2526 1236 2582 15.
1277 2525 1316 2583 16
1342 2525 1374 2580 et
1401 2526 1450 2583 17.
1478 2527 1517 2583 18

348 2631 490 2709 uterque
519 2631 634 2710 pastor
662 2645 771 2688 mores
800 2645 879 2689 suos
907 2632 1008 2710 atque
1036 2623 1185 2690 indolem
1214 2623 1316 2688 animi
1345 2623 1517 2688 describit:

347 2730 430 2796 alter
455 2739 553 2817 poeta
576 2740 637 2809 est,
671 2731 728 2816 qui
761 2731 795 2795 in
819 2731 975 2796 versibus
1008 2731 1260 2796 conscribendis
1296 2730 1425 2796 laborat
1460 2730 1516 2815 (f.

350 2838 454 2903 labori
477 2860 510 2903 v.
537 2843 600 2923 16),
626 2839 683 2923 qui
706 2845 830 2916 mente,
854 2838 875 2902 i.
901 2861 929 2902 e.
954 2861 1014 2924 spe
1040 2838 1183 2924 praedae
1207 2844 1394 2902 commotus
1419 2837 1518 2914 canit,

348 2945 431 3010 alter
455 2954 567 3010 autem
591 2957 686 3010 vates
711 2945 766 3010 dci
790 2946 922 3032 plenus,
952 2945 1009 3031 qui
1034 2967 1202 3009 summum
1227 2944 1308 3008 artis
1332 2943 1518 3030 praemium

346 3052 381 3116 in
406 3052 611 3118 carminibus
636 3053 705 3118 suis
729 3052 870 3118 invenit.
905 3053 941 3116 Si
966 3052 1067 3116 modo
1092 3058 1191 3138 poeta
1214 3050 1357 3136 singulis
1381 3051 1520 3115 nomina

346 3158 453 3224 indoli
485 3159 614 3245 ingenii
643 3169 675 3225 et
704 3160 806 3225 animi
836 3168 913 3246 apta
942 3161 1021 3225 dare
1051 3157 1170 3236 voluit,
1201 3159 1291 3244 quod
1324 3157 1458 3244 quidem
1482 3157 1517 3222 in

347 3288 447 3331 carm.
473 3267 507 3330 Π
531 3276 565 3331 et
592 3267 626 3333 in
657 3268 750 3332 Mida
777 3267 868 3345 iecit,
898 3267 1022 3332 codicis
1050 3275 1150 3333 notae
1179 3288 1400 3352 personarum
1429 3273 1518 3331 recte

347 3395 383 3438 se
412 3374 536 3439 habere
564 3399 633 3440 non
660 3383 819 3461 possunt:
848 3398 904 3440 vv.
933 3385 982 3441 17.
1011 3385 1049 3441 18
1074 3382 1204 3439 tantum
1230 3374 1431 3459 Thamyrae,
1460 3395 1516 3437 vv.

351 3491 400 3548 15.
430 3492 468 3549 16
493 3483 606 3547 Ladae
618 3485 641 3566 1)
665 3482 838 3547 tribuendi
862 3491 951 3546 sunt.
1000 3482 1152 3547 Eandem
1176 3504 1257 3546 vero
1282 3481 1426 3568 praedae
1450 3479 1518 3545 avi·

348 3587 497 3667 ditatam,
524 3612 623 3676 quarn
640 3591 753 3654 Ladae
772 3589 885 3654 verbis
909 3592 1048 3673 (11.15.
1070 3594 1122 3674 16)
1146 3589 1257 3652 inesse
1282 3588 1515 3674 cognovimus,

347 3695 382 3760 in
407 3719 462 3762 vv.
489 3707 518 3764 5.
545 3707 563 3764 6
590 3697 680 3762 etin
705 3720 760 3763 vv.
790 3705 917 3764 10-12
942 3697 1145 3761 invenimus.
1194 3696 1279 3760 Cum
1305 3697 1387 3760 haec
1410 3695 1517 3760 verba

348 3827 367 3868 a
392 3803 563 3890 Thamyra
587 3805 790 3870 abhorreant
814 3805 989 3890 nequead
1014 3805 1140 3869 Midam
1166 3805 1342 3889 quadrent,
1367 3801 1519 3887 sequitur

348 3914 409 3977 hos
435 3912 534 3976 etiam
560 3935 680 3977 versus
697 3913 810 3978 Ladae
835 3934 919 3977 esse.
961 3913 1053 3991 Quae
1077 3911 1135 3976 ubi
1151 3910 1395 3998 perspeximus,
1419 3909 1518 3974 facile

346 4019 413 4084 iarn
430 4019 558 4104 reliqua
574 4019 806 4104 expediemus:
832 4029 969 4106 apparet
987 4019 1076 4084 enim
1092 4041 1148 4084 vv.
1169 4027 1297 4085 10-12
1316 4015 1516 4103 Thamyrae,

345 4148 402 4192 vv.
430 4135 479 4194 13.
508 4134 548 4192 14
571 4125 683 4191 Midae
708 4126 949 4191 adscribendos
975 4148 1058 4191 esse.

452 4234 571 4318 Itaque
595 4234 747 4300 ordinem
766 4257 985 4321 personarum
1009 4233 1044 4298 in
1070 4233 1207 4298 exordio
1230 4232 1392 4297 habemus
1411 4233 1515 4296 huno:

916 4343 942 4405 I.

629 4459 656 4514 1.
683 4459 712 4515 2.
739 4448 927 4534 Thamyras
974 4457 1088 4536 pastor
1134 4458 1294 4514 2versus

627 4565 656 4622 3.
681 4564 712 4622 4.
738 4557 847 4621 Midas
978 4556 1080 4620 iudex
1132 4564 1151 4620 2
1221 4605 1236 4634 ,‚

627 4673 656 4729 5.
683 4673 712 4730 6.
738 4664 848 4729 Ladas
967 4671 1081 4750 pastor
1127 4672 1146 4729 2
1220 4712 1235 4742 ‚,

453 4787 475 4860 1)
495 4788 606 4842 Dubito
631 4807 668 4842 an
693 4788 816 4844 conferri
840 4790 933 4860 possit
956 4788 1051 4844 Schol.
1077 4787 1120 4843 ad.
1145 4789 1208 4846 Iuv.
1234 4793 1287 4844 sat.
1305 4787 1394 4845 XIII:
1423 4793 1516 4848 Ladas

345 4897 443 4937 11111111
463 4886 502 4937 cet
520 4880 664 4937 cuiusdam
678 4880 853 4952 pauperrimi
869 4882 995 4937 cursoria.
