3544 5494
766 591 987 652 ..41-

372 798 487 865 Primo
523 799 643 877 obtutu
678 798 846 865 sententia
881 799 1042 865 lacunosa
1075 797 1212 864 videtur
1247 820 1336 864 esse:
1374 799 1439 864 Ex·

267 914 458 994 spectamus
482 907 571 976 enim
595 929 652 973 vv.
672 916 756 974 7-9
782 905 972 973 continuari
993 906 1099 972 verba
1114 906 1241 990 pipam
1257 929 1363 972 rocam
1380 907 1442 972 erit

269 1013 354 1098 (scil.
380 1037 481 1100 caper
503 1013 559 1079 vel
582 1013 721 1099 fistula),
752 1014 813 1079 sed
837 1013 894 1099 qui
918 1012 1078 1098 loquitur,
1107 1014 1148 1079 ab
1173 1014 1278 1080 altero
1306 1021 1440 1101 pastore

267 1121 534 1207 interrumpitur,
560 1120 616 1206 qui
639 1120 687 1187 ita
710 1143 791 1186 suae
809 1120 872 1186 arti
889 1127 922 1185 et
938 1119 1091 1185 facultati
1113 1119 1266 1198 confidit,
1291 1127 1328 1186 ut
1344 1121 1440 1186 alteri

269 1228 441 1305 concedat,
465 1235 579 1293 utrum
603 1227 729 1314 pignus
754 1227 913 1314 eligatur:
938 1235 1051 1292 utrum
1076 1235 1218 1313 uterque
1242 1249 1380 1315 caprum
1397 1245 1440 1293 an

268 1335 419 1400 fistulam
440 1335 596 1423 deponat.
633 1335 745 1401 Nimia
760 1335 819 1402 illa
834 1334 982 1400 brevitas
1005 1333 1235 1422 responsionis
1257 1333 1440 1421 cupiditate

269 1442 415 1510 adducta
447 1451 512 1507 est:
545 1461 601 1509 vv.
629 1451 713 1510 7-9
743 1442 832 1507 enim
862 1451 895 1507 et
927 1451 1054 1510 10-12
1085 1441 1251 1508 artissime
1283 1440 1372 1507 inter
1404 1463 1441 1507 se

269 1531 486 1634 respondent.
534 1549 725 1638 Responsio
757 1556 869 1614 autern
893 1571 933 1614 ea
956 1571 992 1613 re
1016 1547 1176 1626 efficitur,
1206 1547 1296 1634 quod
1327 1555 1441 1635 pastor

270 1657 353 1721 alter
384 1655 504 1720 iisdem
535 1657 606 1722 fere
639 1657 753 1722 verbis
786 1656 902 1736 utitur,
936 1656 996 1722 sed
1026 1676 1128 1720 sensu
1157 1655 1204 1720 ita
1231 1662 1370 1734 mutato,
1403 1661 1442 1720 ut

270 1763 411 1828 alterum
448 1771 593 1850 superet.
645 1765 825 1828 Praeterea
861 1777 895 1829 et
929 1763 1020 1850 apud
1056 1761 1246 1849 Vergilium
1282 1769 1316 1827 et
1350 1762 1441 1852 apud

270 1870 487 1936 Theocritum
509 1870 702 1938 invenimus
731 1872 896 1957 exempla,
925 1870 961 1936 in
986 1869 1108 1956 quibus
1132 1870 1217 1934 alter
1240 1876 1354 1957 pastor
1376 1869 1442 1956 pri-

270 2000 363 2042 mum
391 1977 515 2064 pignus
544 1977 681 2064 aliquod
710 1978 882 2065 proponit3
915 2000 981 2065 quo
1012 1977 1135 2042 reiecto
1164 1977 1306 2042 alterum
1336 1975 1440 2063 eligit.

270 2085 435 2151 Videmus
463 2086 740 2174 igiturlpoetam,
766 2086 824 2173 qui
856 2085 1005 2152 carmina
1028 2085 1085 2151 illa
1112 2085 1265 2151 bucolica
1293 2082 1441 2150 imitatus

271 2199 333 2270 eet,
357 2194 418 2258 has
436 2194 519 2258 duas
536 2215 590 2258 res
606 2193 739 2259 mittere
755 2193 914 2259 noluisse.
951 2193 1019 2258 Sed
1037 2214 1114 2258 eum
1131 2191 1288 2258 carminis
1312 2213 1443 2257 summa

271 2322 341 2365 non
364 2301 400 2366 in
425 2301 563 2366 exordio
588 2300 707 2367 sedin
732 2309 826 2387 parte
851 2301 955 2366 altera
979 2300 1032 2378 sit,
1062 2323 1128 2387 qua
1151 2299 1334 2387 imperator
1358 2297 1442 2364 cele·

272 2407 398 2484 bratur‚
412 2416 540 2493 partem
555 2408 701 2495 priorem
715 2409 814 2475 nimis
829 2409 967 2476 brevem
981 2406 1071 2486 fecit,
1088 2408 1135 2474 ita
1149 2415 1187 2474 ut
1199 2406 1372 2474 obscurior
1389 2405 1441 2471 sit.

378 2514 444 2582 Vv.
470 2524 509 2582 13
535 2525 569 2580 et
594 2526 634 2584 14
658 2527 824 2594 monetur,
854 2524 892 2581 ut
915 2515 1017 2581 missa
1040 2516 1112 2580 rixa
1136 2537 1270 2580 carmen
1294 2512 1441 2600 incipiat.

378 2621 420 2687 In
437 2631 531 2708 parte
548 2623 703 2709 sequenti
725 2631 877 2710 pastores
897 2622 1059 2700 indicant,
1085 2622 1165 2708 quid
1183 2629 1216 2688 et
1232 2644 1292 2687 cur
1308 2627 1444 2687 cantare

271 2727 388 2796 velint.
441 2728 551 2796 Midas
580 2738 692 2796 autem
722 2753 778 2796 eos
814 2738 937 2809 monet,
973 2738 1011 2795 ut
1039 2729 1105 2796 iarn
1136 2751 1271 2796 carmen
1300 2727 1443 2794 reddere

273 2844 425 2922 pergant.
628 2920 631 2925 ¹

380 2944 545 3011 Versibus
566 2955 616 3014 15.
636 2955 675 3014 16
697 2945 843 3033 oppositi
859 2953 940 3011 sunt
954 2966 1074 3010 versus
1094 2954 1143 3012 17.
1165 2954 1215 3012 18.
1252 2941 1443 3029 Responsio

273 3060 385 3117 autem
415 3077 454 3118 ea
478 3063 539 3132 est,
567 3063 606 3119 ut
634 3064 748 3141 pastor
775 3054 859 3119 alter
887 3052 1061 3140 pulchrius
1085 3053 1142 3118 vel
1170 3050 1289 3117 elatius
1317 3048 1444 3135 aliquid

274 3158 379 3224 dieat:
404 3159 496 3246 prior
512 3162 627 3226 laudes
645 3160 797 3227 Caesaris
812 3160 847 3226 in
867 3160 1064 3227 universum
1082 3181 1119 3224 se
1141 3166 1353 3225 cantaturum
1371 3179 1445 3222 esse

275 3266 450 3352 promittit,
479 3268 564 3332 alter
591 3267 802 3354 imperatoris
831 3269 946 3353 chelys
976 3266 1145 3332 celebrare
1185 3266 1269 3333 vult.
1326 3263 1447 3350 Sperat

275 3374 331 3439 ille
348 3396 384 3438 se
400 3375 548 3460 praemia
565 3375 820 3462 impetraturum
839 3397 924 3452 esse,
942 3375 1026 3440 alter
1042 3374 1232 3440 mercedem
1248 3394 1317 3437 non
1335 3379 1444 3449 curat;
1546 3411 1551 3422 .

273 3483 368 3548 illum
396 3504 487 3548 meas
516 3483 558 3550 ad
587 3483 792 3548 cantandum
824 3482 931 3560 duxit,
960 3483 1052 3547 hunc
1079 3503 1161 3547 vero
1191 3480 1274 3545 deus
1299 3479 1372 3566 ipse
1396 3478 1445 3542 in·

275 3589 401 3656 citavit.
448 3589 570 3666 Midas,
599 3589 658 3653 ubi
681 3587 811 3654 audivit
836 3589 1013 3654 Caesarem
1038 3588 1079 3654 ab
1104 3597 1248 3673 utroque
1272 3593 1445 3652 cantatum

276 3697 327 3775 iri,
352 3703 456 3784 optat,
480 3705 519 3761 ut
542 3696 626 3762 deus
649 3696 722 3782 ipse
747 3703 897 3783 pastores
922 3703 1089 3761 certantes
1114 3694 1262 3761 adiuvet.

382 3804 450 3869 Sed
473 3826 566 3869 nunc
591 3802 775 3881 videamus,
801 3803 970 3890 quomodo
994 3803 1084 3869 inter
1107 3801 1258 3888 singulas
1283 3821 1445 3888 personas

276 3911 312 3976 hi
335 3932 455 3977 versus
480 3911 706 3977 distribuendi
731 3911 807 3976 sint.
855 3911 962 3976 Recte
985 3910 1021 3976 in
1045 3910 1161 3977 codice
1185 3933 1241 3976 vv.
1269 3918 1335 3976 1.2
1360 3907 1448 3973 Tha·

275 4041 401 4104 myrae,
430 4041 487 4086 vv.
513 4028 542 4086 3.
568 4028 589 4086 4
613 4019 724 4084 Midae
747 4019 953 4106 tribuuntur.
1002 4018 1129 4084 Contra
1152 4018 1188 4082 in
1211 4040 1267 4083 vv.
1294 4026 1323 4083 5.
1349 4025 1368 4083 6
1393 4036 1446 4080 co·

276 4126 359 4191 dicis
384 4126 527 4192 scribam
552 4126 718 4192 erravisse
745 4127 811 4192 iam
836 4126 1001 4205 vidimus;
1031 4149 1110 4192 nam
1133 4125 1168 4191 hi
1191 4145 1312 4190 versus
1336 4143 1446 4207 neque

276 4233 489 4319 seiungendi‚
513 4257 624 4320 neque
648 4256 723 4300 cum
741 4233 961 4319 sequentibus
977 4232 1133 4299 versibus
1158 4230 1339 4319 copulandi
1356 4237 1445 4295 sunt.

275 4341 394 4426 Itaque
418 4341 482 4406 hoe
510 4341 685 4407 exordium
714 4343 782 4423 (vv.
811 4343 930 4424 1-21)
960 4339 1059 4406 facile
1088 4338 1251 4406 dividitur
1273 4338 1309 4402 in
1334 4345 1446 4424 partes

275 4455 344 4513 tres
368 4447 432 4514 sibi
456 4448 716 4535 respondentes:

511 4555 1154 4625 I.1.2.—-3.4.-5.6.

492 4662 536 4726 Π.
602 4672 697 4730 7-9.
743 4671 1098 4730 -10-12.-13.
1127 4669 1175 4727 14.

473 4770 538 4835 ΠΙ.
589 4780 638 4839 lo.
666 4777 716 4838 16.
744 4809 788 4818 -
818 4779 868 4837 17.
896 4779 947 4840 18.
975 4808 1018 4818 -
1044 4778 1183 4841 19-21.
