3544 5494
469 777 570 844 Nunc
593 777 832 866 intellegimus.
857 801 916 844 cur
941 779 1099 844 Lucanus
1122 779 1159 844 in
1175 777 1350 848 Pharsalia
1365 779 1537 848 Neronem

364 910 434 952 non
467 886 640 951 induxerit
678 894 716 951 ut
749 886 944 972 Apollinem
984 885 1104 952 Troiae
1144 888 1311 953 excidium
1350 899 1536 954 canentem.

364 994 508 1060 Nolebat
524 1015 585 1058 sua
601 993 707 1094 ipsius
724 1003 879 1080 poemata
895 993 1108 1079 imperatoris
1126 995 1330 1060 carminibus
1355 1019 1537 1082 opponere,

365 1101 490 1187 quippe
514 1100 637 1185 quibus
662 1101 764 1166 etiam
793 1100 961 1187 Vergilius
986 1109 1164 1187 superatus
1189 1110 1279 1167 esset
1301 1102 1359 1181 ita,
1391 1112 1430 1167 ut
1453 1125 1538 1190 opus

365 1231 464 1273 suum
490 1209 627 1272 deleret.

474 1316 573 1380 Haud
598 1315 667 1380 scio
692 1338 733 1380 an
758 1314 942 1401 imperator
965 1315 1038 1401 ipse
1062 1315 1109 1381 ita
1132 1339 1208 1381 cum
1226 1316 1386 1402 Apolline
1410 1325 1443 1382 et
1460 1317 1539 1382 Sole

365 1423 407 1488 ab
430 1422 555 1489 iuvene
572 1422 640 1499 illo,
666 1445 765 1508 quern
790 1422 825 1487 in
840 1423 1035 1491 ‚amicorum
1052 1424 1225 1489 cohortem
1243 1430 1426 1510 receperat,
1451 1445 1539 1488 com·

365 1530 476 1617 parari
501 1530 654 1596 voluerit.
696 1529 764 1594 Sed
782 1537 961 1616 postquam
984 1530 1166 1596 amaximo
1186 1531 1238 1596 sui
1254 1527 1416 1617 temporis
1441 1538 1540 1616 poeta

365 1639 412 1702 ita
436 1637 575 1702 summis
606 1636 793 1723 praeconiis
823 1638 931 1702 elatus
956 1645 989 1701 et
1019 1660 1125 1722 paene
1155 1638 1296 1703 obrutus
1321 1646 1382 1715 est,
1412 1639 1537 1704 nullam

302 1811 306 1818 ,
364 1745 430 1810 iam
466 1744 731 1809 moderationem
767 1743 930 1809 adhibuit.
979 1743 1058 1830 Ipse
1082 1752 1120 1809 ut
1155 1745 1279 1832 Apollo
1316 1746 1539 1810 Citharoedus

364 1851 574 1917 vestiebatur
606 1860 640 1916 et
667 1851 809 1928 colosso,
840 1873 939 1938 quem
969 1852 1128 1929 extruxit,
1165 1863 1201 1916 ut
1231 1852 1318 1917 Solis
1348 1863 1459 1918 rector
1489 1875 1537 1917 re·

366 1959 655 2046 praesentabatur.
680 1958 930 2023 Posterioribus
946 1981 1028 2023 vero
1044 1959 1153 2036 annia,
1178 1981 1253 2024 cum
1270 1959 1335 2024 iam
1354 1959 1539 2042 Apollinem

367 2072 477 2149 cantu,
501 2066 606 2131 Solem
623 2065 808 2148 auripanitc
825 2065 1037 2146 aequiperare
1059 2066 1313 2148 existimaretur,
1339 2067 1438 2132 etiarn
1455 2067 1538 2132 Her·

367 2174 450 2238 culis
475 2173 564 2238 facta
587 2172 710 2238 imitari
734 2172 842 2238 voluit
867 2171 972 2256 (Suet.
999 2195 1070 2258 cap.
1089 2178 1153 2258 53).
1202 2173 1268 2238 Sub
1294 2173 1387 2238 accitu
1410 2175 1539 2255 quidem

365 2280 451 2346 citae
473 2281 588 2362 pulum
616 2285 754 2361 acuerat,
791 2279 821 2343 si
853 2279 917 2344 sibi
950 2279 1124 2345 incolumis
1155 2284 1263 2345 status
1290 2282 1536 2362 permansisset,

361 2386 575 2470 proditurum
610 2408 644 2450 se
673 2391 793 2468 partae
831 2386 985 2451 uictoriae
1017 2387 1106 2452 luatis
1149 2386 1245 2451 etiam
1279 2387 1476 2472 hydraulam
1512 2393 1542 2452 et

368 2494 557 2560 choraulam
582 2498 612 2558 et
631 2494 866 2559 utricularium
890 2515 927 2559 ae
950 2494 1123 2559 nouissimo
1153 2493 1206 2558 alie
1229 2494 1418 2560 histrionem
1441 2497 1540 2561 satta·

369 2606 544 2682 torumque
566 2600 687 2684 Verpiti
702 2599 863 2666 Turnum.
911 2601 1076 2666 Videmus
1093 2601 1199 2685 igitur
1223 2622 1357 2666 carmen
1381 2602 1540 2687 Ioptime
1603 2581 1609 2594 ⁸

369 2731 459 2773 anno
485 2717 526 2775 60
551 2707 748 2786 convenire;
778 2716 860 2773 tunc
884 2707 974 2774 enim
998 2709 1081 2774 haec
1109 2708 1254 2774 Neronis
1279 2731 1356 2774 cum
1380 2708 1540 2795 Apolline

366 2815 572 2901 comparatio
595 2838 685 2881 nova
709 2824 780 2880 erat
804 2823 904 2901 atque
929 2837 1058 2893 recens,
1088 2838 1164 2881 curn
1189 2825 1307 2902 postea
1329 2817 1365 2880 in
1390 2839 1447 2882 ore
1472 2837 1540 2880 om·

366 2923 460 2988 nium
485 2931 575 2986 esset
599 2923 654 3005 (cf.
680 2922 746 2987 Dio
772 2922 864 2988 Casa.
889 2922 974 2986 LXI
998 2927 1074 3007 20.).

474 3027 668 3094 Amicitiam
703 3029 849 3095 Neronis
889 3037 922 3093 et
957 3029 1086 3094 Lucani
1126 3029 1321 3094 diuturnam
1359 3051 1429 3094 non
1468 3030 1541 3096 fore

367 3137 465 3204 facile
490 3160 531 3201 ex
555 3137 689 3202 fervido
713 3137 944 3222 iracundoque
961 3136 1094 3202 iuvenis
1119 3136 1257 3222 ingenio
1282 3146 1315 3201 et
1339 3160 1380 3202 ex
1395 3123 1540 3204 Neronis

367 3244 496 3310 invidia
520 3243 666 3308 divinari
689 3244 808 3330 potuit.
855 3243 1016 3330 Inprimis
1046 3252 1158 3309 autem
1188 3244 1331 3309 multum
1355 3244 1480 3320 aberat,
1504 3253 1541 3309 ut

367 3375 458 3419 novo
482 3351 630 3417 carmine
654 3352 748 3438 epico
773 3352 932 3416 Lucanus
957 3352 1110 3417 favorem
1133 3351 1345 3438 imperatoris
1371 3351 1540 3428 retineret,

368 3483 444 3525 cum
468 3459 503 3524 in
527 3459 585 3524 illo
609 3459 722 3524 Juliae
746 3459 859 3545 gentis
884 3459 1040 3523 conditor
1069 3459 1125 3523 ille
1149 3458 1354 3523 clarissimus
1379 3459 1541 3523 detrecta-

369 3578 463 3632 retur
479 3567 619 3652 eiusque
637 3566 785 3652 dignitas
802 3567 893 3630 haud
910 3566 1031 3630 leviter
1047 3575 1252 3653 carperetur.
1299 3567 1352 3631 De
1369 3565 1542 3630 deminuta

366 3679 402 3740 'et
426 3683 525 3762 rupta
549 3696 665 3738 eorum
690 3672 835 3738 amicitia
852 3673 944 3738 Suet.
969 3673 1004 3738 in
1028 3674 1100 3738 vita
1116 3674 1246 3739 Lucani
1262 3675 1344 3738 baec
1361 3672 1541 3738 memoriae

370 3781 532 3869 prodidit:
561 3780 639 3844 Non
667 3785 775 3845 tamen
800 3781 988 3862 permansit
1014 3781 1051 3846 in
1078 3781 1204 3865 pratia:
1230 3781 1261 3845 si
1289 3780 1419 3862 quictem
1448 3801 1542 3863 aspre

368 3889 487 3974 ferens,
514 3891 599 3970 queat
614 3887 702 3952 Nero
718 3909 752 3952 se
768 3888 924 3953 recitante
940 3889 1045 3953 subito
1069 3911 1106 3954 ac
1127 3889 1222 3953 nullu
1237 3887 1306 3952 nisi
1321 3886 1543 3970 refriperaniti

369 3997 423 4062 sui
447 4017 546 4062 causa
582 3996 704 4060 indicto
728 4001 846 4061 senatu
879 3996 1070 4078 recessisset,
1109 4017 1212 4078 neque
1245 3995 1351 4060 uerbis
1386 3999 1543 4061 aduersus

364 4103 550 4186 principem
574 4125 676 4185 necue
698 4102 797 4187 factis
822 4103 1041 4168 excitantibus
1060 4109 1138 4185 post
1160 4103 1237 4168 baec
1254 4102 1445 4183 temperavit
1468 4154 1474 4166 .
1501 4154 1507 4166 .
1534 4153 1541 4166 .

370 4211 434 4277 Sed
451 4217 481 4276 et
494 4209 617 4294 famose
635 4211 778 4276 carmine
795 4232 866 4275 cum
882 4210 1001 4292 ipsum,
1028 4216 1095 4275 tum
1106 4209 1349 4292 potentissimos
1366 4210 1542 4275 amicerum

369 4318 562 4403 pravissime
584 4317 756 4398 proscidit.
809 4317 1017 4402 Magnopere
1051 4317 1235 4382 dolendum
1264 4325 1324 4395 est,
1360 4317 1449 4402 quod
1480 4317 1543 4382 hoc

371 4586 420 4656 qui
448 4585 560 4639 Lucani
588 4601 677 4637 manu
704 4584 869 4655 conscripta
897 4600 961 4637 esse
990 4585 1117 4637 carmina
1143 4583 1275 4637 bucolica
1306 4583 1361 4638 sibi
1390 4584 1542 4653 persuasit,

370 4673 455 4728 facile
468 4675 639 4728 Petronium
651 4672 723 4726 illud
736 4674 858 4727 verbum
872 4690 909 4726 ex
927 4673 977 4725 illo
996 4674 1122 4727 carmine
1141 4678 1307 4726 mutuatum
1326 4688 1390 4726 esse
1409 4677 1442 4726 ut
1459 4677 1544 4744 putet

374 4781 391 4818 a
410 4780 442 4817 se
459 4765 612 4835 impetrare
629 4764 744 4834 poterit.
1102 4775 1105 4782 ’
