3544 5494
709 580 965 678 ¹--13-

488 827 565 913 Hes,
590 825 721 912 Caesen,
746 828 915 896 Perusina
937 829 1046 913 fumea
1064 826 1280 912 Mutinaeque
1303 827 1427 896 labores

490 938 658 1004 Accedant
678 937 759 1021 fetis
784 943 815 1002 et
836 959 919 1020 quas
937 937 1062 1020 premit
1084 959 1202 1020 cepere
1226 939 1344 1003 classes

488 1047 618 1111 Leucoe
643 1051 673 1110 et
694 1047 826 1111 ardenti
848 1045 983 1110 servilia
1007 1046 1090 1110 bella
1112 1046 1172 1110 aab
1196 1044 1322 1110 Aetna:
1392 1096 1393 1100 ,

489 1154 636 1218 Maliane
659 1154 766 1218 Reme
790 1159 898 1217 tumen
921 1153 1013 1218 debet
1035 1152 1185 1218 ciuilibus
1209 1145 1320 1236 orma,

425 1270 467 1328 45
489 1261 583 1341 Qnoe
608 1262 666 1327 tibi
688 1284 739 1327 res
763 1267 836 1327 ueta
860 1267 915 1326 est.

376 1367 525 1433 Primum
558 1369 663 1454 igitur
691 1376 791 1456 poeta
818 1367 988 1447 describit,
1018 1375 1144 1454 quanta
1172 1367 1316 1434 vastatio
1346 1367 1443 1434 bellis
1540 1368 1542 1370 ’

271 1475 427 1541 civilibus
450 1476 568 1542 Italiae
595 1476 688 1542 illata
711 1477 755 1541 sit
783 1480 853 1561 (vv.
879 1480 1036 1558 ‘na-32),
1067 1475 1190 1541 deinde
1214 1478 1297 1542 haec
1321 1475 1445 1541 damna

270 1589 384 1647 tamen
408 1606 447 1649 eo
472 1584 608 1670 pensari
632 1584 722 1663 dicit,
749 1585 837 1669 quod
863 1584 954 1649 Nero
977 1583 1161 1670 imperator
1186 1583 1348 1669 prodierit
1372 1587 1443 1668 (vv.

272 1696 430 1776 33-38);
457 1691 603 1776 denique
628 1691 745 1756 eadem
770 1691 938 1756 sententia
961 1691 1032 1755 lere
1048 1691 1189 1756 iteratur
1205 1693 1274 1772 (vv.
1288 1696 1444 1777 38—45).

379 1798 601 1864 Conferamus
637 1798 794 1864 carminis
828 1799 921 1864 Eine.
938 1800 973 1863 Π
1005 1806 1259 1884 argumentum:
1292 1799 1444 1865 Primum

271 1906 389 1971 aetatis
421 1906 598 1971 Neroneae
631 1929 697 1992 pax
730 1905 846 1971 divina
880 1905 1097 1984 describitur,
1137 1905 1260 1971 deinde
1293 1906 1445 1992 quaestio

272 2014 391 2100 posita,
420 2036 502 2078 num
532 2013 619 2080 bella
643 2013 755 2079 civilia
782 2013 1008 2090 imminerent,
1039 2013 1221 2091 refutatum
1246 2035 1332 2098 quae
1355 2014 1445 2099 cogi·

270 2121 352 2187 tatio
375 2121 410 2186 in
435 2120 561 2186 ultimis
585 2121 741 2186 versibus
765 2119 938 2207 repetitur.

379 2229 506 2294 Eadem
530 2228 634 2314 igitur
650 2227 723 2292 iere
747 2227 877 2292 ratione
901 2235 935 2292 et
957 2227 991 2292 in
1010 2227 1158 2293 carmine
1175 2227 1328 2294 bucolico
1352 2237 1387 2294 et
1410 2229 1445 2295 in

177 2339 182 2350 '
271 2334 329 2400 illo
352 2335 487 2403 heroico
506 2337 593 2402 bella
617 2335 728 2400 civilia
752 2341 785 2399 et
800 2333 945 2399 Neronis
968 2334 1147 2422 imperium
1171 2334 1319 2402 interae
1344 2360 1445 2424 oppo-

272 2450 409 2507 nuntur.
451 2443 543 2522 Quae
568 2465 621 2508 res
639 2445 716 2508 cu‘m
739 2442 776 2506 in
791 2464 893 2507 carm.
919 2443 1011 2507 Eine.
1028 2442 1110 2507 viris
1133 2442 1240 2508 doctis
1265 2442 1345 2508 satis
1361 2444 1447 2509 mira

272 2550 316 2615 sit
339 2550 413 2616 visa
422 2552 456 2634 ¹),
481 2551 516 2615 in
538 2550 709 2637 prooemio
733 2549 864 2614 Lucani
880 2549 1041 2615 maiorem
1065 2549 1165 2614 etiam
1190 2549 1446 2616 admirationem

272 2665 396 2724 movet.
452 2657 539 2722 Nam
575 2657 664 2723 bella
696 2657 809 2722 civilia
841 2657 897 2723 via
929 2679 1003 2722 esse
1037 2656 1207 2734 dicuntur,
1241 2680 1307 2743 qua
1338 2659 1447 2724 fatum

271 2766 417 2831 Neronis
448 2764 627 2852 imperium
656 2764 821 2829 instituet.
869 2764 937 2829 Sed
967 2787 1113 2850 quonam
1142 2765 1243 2830 modo
1273 2765 1360 2831 balla
1383 2766 1448 2832 ista

273 2896 349 2938 cum
380 2873 525 2939 Neronis
559 2872 789 2939 dominatione
822 2874 1035 2951 cohaereant,
1070 2879 1169 2959 poeta
1196 2896 1267 2939 non
1298 2876 1447 2962 exponit,

273 2982 332 3046 sed
356 2983 444 3048 hanc
468 2981 699 3067 quaestionem
724 2980 922 3046 solvendam
945 2980 998 3059 iis,
1023 2981 1080 3067 qui
1103 2982 1233 3067 legunt,
1258 2981 1445 3048 committit.

272 3089 359 3154 Nam
384 3090 412 3154 si
436 3089 602 3174 Schanz²t
626 3089 790 3154 affirmat:
814 3089 914 3154 scibat
928 3089 981 3153 die
998 3088 1118 3154 (irenei
1134 3092 1192 3154 der
1208 3089 1449 3174 Beirperleriepe

272 3200 404 3262 werden
428 3196 656 3279 entsebaldipt,
685 3199 729 3261 dc
752 3196 800 3261 sie
823 3199 883 3261 dus
906 3196 1178 3279 Emporkommea
1206 3200 1262 3262 des
1280 3197 1449 3281 jreliecbea

272 3305 407 3370 Hccaes
434 3307 506 3369 aad
534 3304 639 3369 demit
665 3304 750 3369 caele
784 3304 837 3370 die
865 3304 1056 3388 Reyieraap
1083 3303 1189 3369 Neres
1223 3306 1449 3389 ermdpliebten

272 3411 357 3477 illud
392 3412 664 3504 Emportommea
696 3415 752 3477 des
782 3412 951 3497 juliscbea
977 3412 1112 3477 Hennes
1146 3411 1237 3499 apud
1272 3413 1449 3478 Lucanum

272 3520 373 3606 plane
397 3519 645 3596 desideramus3
671 3528 769 3606 poeta
792 3543 864 3584 rem
879 3519 1012 3586 etiamsi
1035 3520 1098 3585 hac
1122 3519 1178 3584 vel
1194 3519 1295 3585 simili
1318 3519 1448 3585 ratione

274 3627 339 3693 sibi
372 3626 483 3705 finxit,
520 3634 636 3712 aperte
665 3627 853 3712 exprimere
881 3650 951 3693 non
979 3627 1100 3714 potuit,
1135 3649 1212 3692 cum
1247 3650 1307 3714 per
1339 3634 1448 3692 totum

274 3741 410 3800 carmen
433 3734 634 3821 Pompeium
658 3734 855 3812 celebraret,
881 3734 1059 3800 Caesarem
1082 3723 1250 3799 illuderet.

381 3843 591 3927 Quamquam
620 3842 655 3907 in
684 3843 749 3908 hoc
777 3865 890 3907 rerum
918 3864 1050 3908 conexu
1080 3841 1299 3919 offendimus,
1335 3848 1449 3907 tamen

273 3949 513 4036 intellegimus
538 3974 597 4016 cur
614 3959 713 4038 poeta
735 3953 823 4017 hanc
846 3951 937 4017 viam
953 3951 1129 4036 ingressus
1154 3950 1207 4015 sit.
1248 3949 1335 4015 Cum
1358 3950 1449 4015 enim

274 4065 342 4122 tres
366 4057 470 4124 libros
494 4058 623 4145 priores
649 4059 800 4125 edendos
824 4066 967 4137 curaret,
995 4059 1166 4126 Neronem
1197 4066 1289 4124 certo
1314 4079 1450 4145 sperare
1521 4047 1524 4052 ¹

275 4163 402 4230 sciebat
431 4165 484 4230 sui
514 4167 556 4232 ob
586 4166 754 4231 beneficia
781 4166 816 4231 in
846 4167 1021 4232 Lucanum
1051 4174 1215 4252 congesta
1242 4164 1450 4230 mentionem

273 4281 408 4358 poetam
431 4295 501 4337 non
519 4272 732 4338 omissurum.
779 4273 899 4358 Itaque
920 4273 1066 4339 Neronis
1089 4281 1243 4359 tempora
1267 4271 1348 4358 quin
1373 4294 1450 4337 cum

275 4377 371 4444 bellis
395 4379 552 4445 civilibus
576 4387 780 4459 consereret,
803 4380 916 4446 iacere
938 4403 1007 4446 non
1033 4380 1151 4466 potuit.

382 4487 628 4573 Cognoscimus
640 4488 745 4574 igitur
756 4511 892 4554 carmen
907 4489 1041 4553 EliuslI
1053 4497 1088 4553 et
1099 4486 1326 4554 huncLucani
1338 4487 1451 4553 locum

275 4593 426 4679 partibus
451 4595 595 4682 singulis
619 4595 708 4661 inter
724 4619 761 4662 se
777 4605 849 4663 arto
866 4596 1003 4664 vinculo
1020 4597 1208 4662 cohaerere.
1243 4596 1285 4661 In
1302 4593 1450 4661 carmine

279 4704 491 4716 ———-—

382 4736 405 4807 1)
425 4737 468 4792 Ol.
487 4737 626 4806 Ribbeck,
645 4739 750 4794 Gesch.
770 4738 797 4793 d,
816 4745 888 4792 rom.
909 4738 1004 4792 Dicht.
1023 4737 1070 4791 111
1088 4757 1115 4810 p.
1129 4739 1172 4793 49.

382 4827 404 4902 ἵ)
423 4845 450 4899 p.
471 4827 513 4882 87.
