3544 5494
763 615 984 672 -25...

393 820 667 907 Praepositiones
700 842 782 885 vero
816 820 1071 906 monosyllabae
1108 820 1143 884 in
1176 819 1243 885 arsi
1277 829 1307 887 3.
1342 821 1397 885 vel
1429 829 1459 887 4.

287 927 399 992 decies
423 927 532 992 sexies
556 927 647 1014 apud
663 928 838 992 Lucanum
862 927 991 1013 positae
1015 935 1096 992 sunt
1111 928 1215 1013 (apud
1240 927 1461 1014 Calpurnium

285 1034 349 1098 tria
373 1042 508 1098 exstant
531 1033 708 1120 exempla).

393 1142 545 1206 Eandem
580 1141 789 1225 diligentiam
824 1141 859 1205 in
894 1141 1099 1207 carminibus
1125 1143 1215 1206 llins.
1251 1141 1460 1209 invenimus:

287 1270 375 1312 unus
399 1255 532 1313 tanturn
554 1269 674 1312 versus
698 1255 759 1326 est,
784 1248 819 1312 in
838 1271 904 1334 quo
927 1249 1186 1335 monosyllabon
1207 1249 1308 1314 huius
1326 1250 1461 1335 generis

286 1355 321 1419 in
345 1354 411 1419 arsi
435 1355 514 1420 inde
540 1380 558 1420 a
582 1355 680 1420 tertia
704 1355 851 1441 positum
876 1356 1022 1422 occurrit
1044 1357 1062 1420 Ι
1086 1367 1127 1424 25

447 1460 658 1528 Carminibus
681 1464 771 1547 viryo
794 1463 882 1546 furit
905 1469 935 1528 et
958 1464 1048 1529 5111111
1070 1486 1123 1528 ore
1147 1470 1261 1530 coacto.

393 1569 434 1633 In
459 1569 591 1634 arsibus
615 1593 697 1636 vero
723 1570 840 1656 quinta
864 1580 898 1634 et
927 1580 1022 1635 sexta
1046 1571 1204 1636 Lucanus
1229 1572 1336 1637 multo
1360 1572 1461 1637 etiam

286 1676 416 1741 cautius
442 1681 540 1743 ἄτονα
568 1677 736 1742 adhibuit:
772 1677 829 1743 ubi
862 1678 962 1742 huius
997 1699 1078 1742 usus
1112 1679 1266 1764 exempla
1294 1703 1463 1766 perpauca

286 1783 518 1860 inveniuntur,
558 1806 691 1871 semper
730 1785 919 1850 sententiae
957 1784 1075 1849 incisio
1115 1785 1295 1850 antecedit.
1355 1787 1461 1865 Quam

285 1889 456 1955 licentiam
487 1890 523 1954 111
558 1891 764 1956 carminibus
794 1891 887 1956 Elius.
922 1891 1058 1957 omnino
1089 1892 1229 1957 vitatam
1261 1915 1334 1958 esse
1359 1915 1462 1980 supra

228 2059 230 2062 .
288 1997 444 2062 diximus
1098 1988 1101 1993 ¹

392 2104 512 2191 Neque
541 2105 651 2170 minor
674 2114 726 2171 est
755 2105 960 2180 differentia,
991 2128 1091 2192 quam
1116 2106 1151 2170 in
1181 2107 1329 2171 caesuris
1354 2131 1373 2172 a
1397 2108 1462 2172 Lu·

287 2233 371 2276 cano
406 2220 440 2277 et
475 2213 547 2278 aliis
583 2213 804 2300 scriptoribus
844 2212 1003 2277 adhibitis
1041 2213 1245 2278 invenimus.
1303 2215 1366 2278 Ille
1401 2215 1462 2279 has

289 2341 444 2385 caesuras
469 2321 620 2385 admisit:
646 2320 941 2406 ‘semiquinariam
966 2319 1289 2406 semiseptenariam‚
1313 2321 1462 2386 semiter-

287 2428 425 2504 nariam,
460 2436 532 2492 tum
558 2428 743 2493 bucolicam
770 2451 855 2514 quae
888 2435 1030 2493 vocatur
1062 2436 1095 2492 et
1128 2428 1331 2493 trochaicam
1365 2430 1461 2515 pedis

287 2533 406 2619 quinti,
433 2535 556 2599 deinde
580 2535 778 2600 incisionem
803 2543 881 2599 ante
898 2535 1020 2620 pedem
1044 2535 1233 2599 secundum
1258 2543 1291 2600 et
1315 2543 1459 2614 sextum,

287 2641 456 2706 rarissime
491 2650 567 2726 post
599 2644 794 2708 trochaeum
819 2640 977 2728 primum'
1003 2640 1164 2728 (Trampe
1189 2645 1255 2726 68).
1304 2642 1463 2707 ansuris

286 2770 368 2813 vero
393 2748 570 2814 trochaicis
599 2749 634 2813 in
658 2750 745 2835 pede
769 2748 868 2812 tertio
900 2756 933 2812 et
958 2755 1077 2832 quarto
1102 2748 1220 2835 positis
1245 2750 1382 2816 omnino
1408 2750 1463 2815 ab·

287 2856 416 2921 stinuit.
457 2856 619 2940 (Caesura
643 2861 728 2921 κατὰ
752 2857 854 2941 τρίτον
878 2866 1028 2942 τροχαῖον
1053 2856 1104 2920 bis
1130 2855 1164 2920 in
1185 2857 1303 2922 Laude
1318 2857 1463 2936 Pisonis,

286 2971 339 3027 ter
362 2965 453 3049 apud
478 2964 699 3051 Calpurnium
726 2965 893 3047 occurrit).

395 3071 618 3137 Conferamus
643 3072 830 3137 carminum
855 3072 947 3136 Eius.
974 3093 1144 3137 caesuras:
1175 3079 1227 3137 ter
1251 3081 1283 3136 et
1308 3072 1463 3158 sexagies

288 3179 527 3264 semiquinaria
544 3180 724 3245 adhibetur
745 3181 774 3262 (1
794 3190 821 3246 1.
847 3186 877 3246 4.
904 3189 933 3246 5.
961 3189 989 3246 7.
1018 3189 1067 3246 10.
1097 3189 1146 3245 11.
1177 3188 1226 3246 13.
1255 3187 1304 3246 14.
1334 3189 1383 3246 17.
1413 3189 1462 3247 18.

290 3296 340 3354 19.
366 3296 418 3354 22.
444 3296 497 3354 23.
523 3294 573 3353 241
601 3296 655 3354 25.
680 3296 732 3354 28.
758 3296 810 3354 29.
836 3296 888 3353 30.
919 3296 971 3352 31.
1002 3295 1054 3353 32.
1086 3295 1139 3352 33.
1169 3293 1221 3352 34Ι
1253 3295 1305 3352 35.
1331 3295 1383 3353 36.
1411 3296 1463 3353 37.

288 3403 340 3461 38.
366 3404 418 3461 39.
444 3406 496 3462 41.
522 3404 574 3462 44.
600 3403 652 3461 45.
678 3402 730 3461 46.
756 3404 808 3462 47.
834 3402 886 3461 48.
913 3402 965 3460 49.
989 3394 1034 3457 11.
1056 3404 1082 3459 l.
1108 3400 1138 3458 4.
1167 3402 1195 3459 6.
1220 3402 1250 3459 8.
1276 3403 1306 3460 9.
1334 3403 1384 3459 11.
1414 3403 1462 3459 12.

291 3511 341 3568 13.
369 3511 418 3569 14.
452 3513 501 3569 15.
532 3513 580 3571 16.
613 3513 663 3569 17.
692 3512 741 3570 18.
770 3511 819 3568 19.
850 3511 903 3568 20.
930 3509 981 3566 21.
1012 3510 1064 3568 22.
1091 3508 1143 3566 24.
1169 3509 1222 3566 25.
1253 3508 1305 3566 26.
1332 3509 1384 3567 27.
1410 3509 1462 3567 28.

288 3619 340 3676 29.
366 3621 418 3678 31.
445 3619 497 3676 32.
528 3619 580 3677 33.
611 3619 663 3678 34.
696 3619 748 3677 36.
775 3614 840 3694 37),
870 3609 979 3673 sexies
1010 3606 1249 3692 semiquinaria
1279 3630 1354 3672 cum
1383 3607 1463 3672 inci·

289 3718 383 3783 sione
408 3727 484 3805 post
508 3719 628 3805 pedem
654 3718 799 3804 primum
816 3716 996 3781 coniuncta
1020 3717 1049 3799 (1
1073 3726 1103 3782 2.
1130 3723 1160 3781 3.
1186 3724 1215 3781 9.
1244 3724 1293 3781 12.
1322 3724 1372 3782 16.
1398 3720 1464 3799 21),

288 3825 449 3890 undecies
474 3824 750 3912 semiseptenaria
773 3847 850 3890 cum
872 3823 1104 3888 semiternaria
1128 3821 1308 3887 coniuncta
1332 3822 1362 3906 (Ι
1387 3831 1416 3889 6.
1433 3832 1463 3889 8.

291 3942 341 4000 15.
366 3943 418 4001 26.
444 3943 497 4001 27.
523 3942 575 4001 40.
610 3933 646 3997 II
672 3942 700 3999 7.
729 3941 778 3998 10.
805 3940 858 3998 23.
884 3940 936 3997 30.
962 3933 1029 4014 35),
1058 3929 1110 3993 bis
1135 3927 1265 4006 11151515,
1295 3951 1381 4014 quae
1406 3929 1464 3993 bu·

288 4042 393 4107 colica
417 4041 687 4122 1555151020.
712 4039 748 4103 11
772 4043 815 4123 5).
866 4037 1029 4122 (Caesura
1051 4059 1132 4102 vero
1157 4040 1243 4100 κατὰ
1267 4037 1370 4122 τρίτον
1394 4060 1465 4122 τρο-

288 4161 380 4238 χαῖον
396 4149 433 4214 II
449 4159 502 4226 38,
527 4149 584 4233 qui
601 4169 721 4214 versus
739 4170 780 4212 ex
796 4147 900 4230 Verg.
919 4146 979 4210 ecl.
996 4145 1047 4210 IV
1064 4145 1189 4231 petitus
1207 4153 1268 4220 est,
1294 4143 1463 4227 occurrit).

396 4257 548 4322 Eandem
573 4255 677 4342 igitur
695 4253 916 4340 diligentiam,
942 4277 1008 4340 qua
1026 4254 1185 4317 Lucanus
1204 4251 1348 4328 excellit,
1374 4252 1464 4338 apud

289 4364 431 4430 alterum
455 4364 653 4450 scriptorem
681 4361 885 4428 invenimus.
933 4360 1011 4425 Una
1040 4382 1122 4425 vero
1148 4358 1345 4436 difficultas
1379 4382 1464 4444 quae

290 4479 416 4536 restare
439 4471 586 4548 videtur,
620 4471 719 4535 facile
752 4468 913 4555 explicari
946 4475 1067 4554 potest.
1116 4467 1214 4545 Quod
1247 4466 1340 4531 enim
1374 4467 1463 4554 apud

289 4580 371 4644 Luc.
400 4579 435 4643 Π
460 4588 523 4646 329
548 4578 638 4663 sirpo
671 4577 801 4663 syllaba
833 4575 930 4641 finali
962 4582 1117 4662 correpta
1149 4573 1285 4659 legitur,
1320 4596 1396 4638 cum
1429 4573 1464 4639 in

289 4686 437 4752 carmine
474 4685 567 4750 Eius.
600 4686 619 4749 Ι
652 4694 694 4751 25
737 4684 796 4749 illa
833 4681 875 4773 ‘o’
914 4683 1139 4769 producatur,
1184 4681 1343 4746 Lucanus
1383 4679 1465 4745 mihi

291 4793 428 4878 quidem
452 4792 517 4858 sibi
543 4793 616 4879 ipse
640 4814 709 4860 non
738 4799 892 4858 constare
916 4789 1066 4856 videtur:
1101 4788 1281 4880 corripitur
1315 4787 1464 4856 enimin
