3544 5494
751 622 971 680 ...39-

382 828 413 893 A
437 850 540 894 versu
565 829 646 896 aab
670 827 774 914 igitur
798 850 998 915 responsum
1023 826 1207 912 Glycerani
1230 825 1358 914 incipit,
1389 825 1446 912 qui

275 943 308 1000 et
332 957 429 1000 curas
445 935 579 1020 Mystae
596 935 691 1021 pellit
714 943 747 1000 et
770 935 842 1022 ipse
859 958 954 1000 suam
977 935 1095 1000 aetatis
1112 956 1233 998 aureae
1250 931 1446 1020 descriptio·

274 1064 353 1106 nem
377 1041 481 1128 priori
505 1041 645 1129 opponit
669 1044 737 1125 (vv.
763 1042 942 1122 23b—31).

382 1149 423 1213 In
448 1149 604 1215 versibus
635 1171 716 1214 vero
746 1149 965 1234 sequentibus
993 1170 1083 1214 nova
1110 1147 1329 1233 interrogatio
1353 1146 1445 1213 adhi-

274 1255 383 1334 betur,
414 1278 513 1341 quam
537 1257 671 1341 Mystae
696 1277 769 1320 esse
792 1255 859 1321 iam
889 1278 931 1319 ex
954 1254 1189 1339 indignatione
1218 1262 1358 1342 apparet
1381 1254 1446 1320 Sed

268 1365 388 1445 procul
412 1363 538 1428 anobis
555 1371 617 1427 etc.
637 1366 706 1446 (vv.
725 1346 879 1446 32-34j.
919 1362 1038 1448 Neque
1056 1360 1146 1427 enirn
1162 1363 1295 1448 Mystae
1311 1360 1443 1426 animus

272 1470 338 1535 iam
364 1471 462 1557 plane
488 1471 637 1556 placatus
667 1475 728 1547 est,
759 1469 828 1538 sed¹
843 1491 960 1534 rursus
985 1469 1072 1534 bella
1101 1468 1212 1535 civilia
1235 1468 1271 1533 in
1295 1475 1443 1534 mentem

273 1586 418 1642 revocat.
466 1579 498 1642 A
521 1577 714 1662 Glycerano
738 1583 851 1641 autem
874 1598 931 1641 vv.
950 1585 991 1643 35
1010 1597 1058 1661 sq.
1084 1598 1184 1641 curae
1209 1575 1280 1640 cius
1305 1596 1442 1661 prorsus

272 1683 457 1768 pelluntur:
483 1683 652 1770 praesenti
676 1693 827 1770 tempore
851 1705 920 1748 non
944 1684 1052 1749 solum
1077 1683 1119 1749 ab
1141 1682 1334 1748 hominibus
1358 1681 1444 1747 nihil

273 1790 461 1855 timendum
486 1813 570 1869 esse,
595 1790 773 1856 sedetiam
798 1812 851 1855 res
867 1789 1033 1856 inanimes
1058 1799 1090 1855 et
1107 1790 1232 1856 bestias
1249 1789 1442 1855 hominibus

270 1895 477 1983 inservire1).
524 1898 566 1963 V.
585 1907 627 1965 38
652 1921 693 1962 ex
716 1897 820 1984 Verg.
852 1898 912 1962 eol.
937 1897 988 1962 IV
1014 1908 1054 1965 10
1079 1906 1233 1984 sumptus
1258 1906 1319 1962 est.
1366 1898 1444 1962 Mea

272 2003 407 2089 quidem
431 2004 599 2070 sententia
622 2027 742 2070 versus
766 2005 821 2069 hio
849 2005 890 2070 ab
915 2013 1058 2090 utroque
1079 2014 1214 2091 pastore
1238 2004 1337 2070 simul
1352 2004 1442 2070 'reoi-

217 2103 220 2112 ’
265 2105 360 2175 ‘tatur
385 2112 453 2195 (vel
477 2111 634 2197 canitur),
664 2113 754 2198 quod
778 2111 867 2176 infra
891 2101 1104 2198 argumentis
1124 2111 1338 2198 gravioribus
1363 2134 1441 2177 con·

270 2217 423 2284 firmabo.

380 2325 447 2390 Sed
488 2325 659 2412 paulisper
698 2326 921 2392 subsistamus
961 2334 994 2391 et
1031 2349 1167 2391 carmen
1213 2326 1440 2413 respiciamus,

270 2430 422 2516 Utraque
447 2453 591 2518 persona
616 2433 751 2498 easdem
775 2441 899 2521 parton,
924 2433 1066 2519 quasin
1090 2432 1228 2498 exordio
1252 2433 1380 2511 habuit,
1404 2433 1440 2499 in

270 2547 364 2623 parte
389 2539 503 2616 altera,
529 2539 581 2605 cni
598 2541 768 2626 peculiare
792 2563 915 2606 nornen
939 2541 1118 2630 ‘carminis’
1142 2541 1312 2617 convenit,
1336 2549 1438 2606 tenet.

269 2645 399 2730 Mystes
429 2668 525 2711 curas
554 2669 632 2711 suas
662 2647 785 2733 aperit:
816 2647 875 2713 ubi
898 2648 1041 2713 virtutes
1067 2647 1254 2733 praesentis
1277 2648 1439 2734 temporis

273 2752 461 2839 descripsit,
487 2775 618 2818 summa
635 2776 712 2819 cnm
728 2754 963 2840 indignatione
979 2754 1176 2840 interrogat,
1194 2776 1276 2819 num
1294 2753 1441 2820 dubitari

268 2859 384 2946 possit,
409 2861 490 2946 quin
515 2867 605 2926 aetas
623 2883 725 2927 aurea
741 2861 941 2926 reverterit.⁰
975 2860 1072 2940 Quod
1090 2860 1302 2947 Glyceranus
1326 2862 1440 2928 statim

269 2967 396 3032 refutat
420 2977 454 3033 et
477 2967 550 3054 ipse
572 2969 762 3054 praesentia
784 2977 937 3055 tempora
960 2968 1084 3033 laudat.
1125 2969 1255 3033 Eodem
1279 2969 1379 3035 modo
1403 2970 1439 3036 in

267 3083 361 3162 parte
378 3077 533 3162 sequenti
550 3076 639 3142 bona
663 3077 854 3163 praesentia
871 3076 967 3141 malis
985 3075 1176 3162 praeteritis
1202 3085 1437 3162 opponuntur:

268 3181 406 3248 ultimus
430 3206 512 3248 vero
539 3206 656 3248 versus
681 3183 838 3249 carminis
863 3205 1028 3248 summam
1052 3184 1217 3274 eontinet:

430 3290 527 3356 Casto
550 3290 634 3373 fove,
659 3292 809 3357 Lucina:
833 3297 910 3355 tuus
933 3291 1000 3355 ium
1024 3295 1139 3374 repunt
1162 3291 1301 3373 Apollo!

373 3398 500 3463 Eadem
519 3407 600 3476 erte,
625 3421 691 3483 qua
706 3398 741 3463 in
766 3399 903 3464 exordio
921 3406 1020 3484 poeta
1037 3420 1118 3462 usus
1143 3408 1205 3476 est,
1230 3399 1265 3463 in
1290 3399 1438 3464 carmine

268 3527 402 3591 quoque
425 3504 560 3590 utrique
584 3527 748 3591 personae
781 3505 926 3570 eundern
954 3527 1116 3570 versuum
1148 3529 1328 3572 numerum
1360 3529 1438 3572 oon·

267 3610 382 3676 cessit:
412 3611 556 3698 primum
581 3621 723 3697 uterque
754 3621 868 3700 pastor
891 3634 1011 3678 versus
1041 3621 1179 3678 octonos
1203 3622 1236 3678 et
1260 3613 1438 3680 dimidium
1532 3609 1537 3616 ’
1577 3599 1589 3612 ’

267 3718 394 3796 recitat,
419 3718 543 3784 deinde
567 3719 684 3784 trinos.

373 3825 474 3892 Nunc
498 3827 540 3891 ad
557 3849 693 3892 carmen
716 3827 734 3891 Ι
757 3848 819 3892 nos
836 3836 1084 3893 convertamus.
1123 3828 1201 3894 Jam
1224 3851 1326 3916 supra
1350 3853 1437 3897 com·

266 3933 450 3999 memoravi
477 3933 791 4020 Knickenbergium
826 3943 916 4000 recte
944 3935 1147 4021 cognovisse
1177 3937 1270 4023 prius
1300 3959 1436 4004 carmen

266 4059 340 4102 esse
364 4040 592 4106 amoebaeum.
641 4041 709 4106 Sed
737 4042 772 4107 in
797 4042 952 4107 versibus
981 4042 1125 4129 singulis
1154 4044 1309 4130 personis
1332 4044 1436 4111 tribu·

265 4145 362 4210 endis
387 4169 516 4212 errasse
541 4171 618 4213 eum
642 4158 733 4235 puto.
773 4149 940 4215 Carminis
964 4151 1125 4217 ornocboei
1148 4153 1232 4236 lepos
1254 4154 1305 4218 ool
1322 4153 1437 4236 potius

265 4253 468 4320 condiciones
492 4257 705 4322 haesitatio
729 4258 929 4340 rtaioersom,
954 4258 1119 4341 alisqui
1142 4261 1303 4325 obeliero
1322 4282 1437 4342 provo-

264 4365 357 4426 catos
386 4367 417 4426 et
444 4363 614 4429 lacessitos
639 4369 693 4447 est,
722 4365 913 4447 provocanti
935 4365 1061 4448 iisdem,
1091 4369 1199 4448 qttoad
1220 4365 1295 4446 fieri
1318 4372 1435 4450 potest,

370 4539 392 4610 ¹)
412 4539 499 4594 Haud
523 4541 583 4595 scio
607 4560 643 4596 an
669 4559 728 4596 non
753 4543 782 4596 in
805 4559 832 4596 v.
846 4543 881 4596 37
905 4560 956 4613 pro
979 4563 1061 4602 saeuo
1079 4543 1263 4599 scribendum
1282 4545 1321 4600 sit
1343 4564 1435 4611 curva,

263 4625 299 4682 cl.
320 4626 373 4682 Ov.
393 4628 458 4684 last.
473 4629 514 4685 IV
527 4629 579 4684 215

720 4742 770 4780 cur
787 4725 851 4780 laic
865 4742 953 4793 peace
971 4742 1033 4780 acre
1049 4725 1157 4781 leonum

529 4811 662 4869 Praebeat
680 4813 808 4870 insolitos
826 4813 863 4871 ad
881 4813 947 4882 iuna
965 4831 1050 4870 citrea
1068 4813 1155 4874 tutan
