<?xml version="1.0" encoding="UTF-8"?>
<!DOCTYPE html PUBLIC "-//W3C//DTD XHTML 1.0 Transitional//EN"
    "http://www.w3.org/TR/xhtml1/DTD/xhtml1-transitional.dtd">
<html xmlns="http://www.w3.org/1999/xhtml" xml:lang="en" lang="en">
 <head>
  <title>
</title>
<meta http-equiv="Content-Type" content="text/html;charset=utf-8" />
  <meta name='ocr-system' content='tesseract 3.04.00' />
  <meta name='ocr-capabilities' content='ocr_page ocr_carea ocr_par ocr_line ocrx_word'/>
</head>
<body>
  <div class='ocr_page' id='page_1' title='image "./caminaeinsidlen00macigoog_0032.png"; bbox 0 0 3544 5494; ppageno 0'>
   <div class='ocr_carea' id='block_1_1' title="bbox 705 1569 1014 1706">
    <p class='ocr_par' dir='ltr' id='par_1_1' title="bbox 705 1569 1014 1706">
     <span class='ocr_line' id='line_1_1' title="bbox 705 1569 1014 1706; baseline 0 -32"><span class='ocrx_word' id='word_1_1' title='bbox 705 1569 903 1706; x_wconf 83' lang='lat' dir='ltr'><strong>Caput</strong></span> <span class='ocrx_word' id='word_1_2' title='bbox 942 1570 1014 1674; x_wconf 91' lang='grc' dir='ltr'><strong>ΙΙ.</strong></span> 
     </span>
    </p>
   </div>
   <div class='ocr_carea' id='block_1_2' title="bbox 270 1780 1446 4552">
    <p class='ocr_par' dir='ltr' id='par_1_2' title="bbox 272 1780 1446 2600">
     <span class='ocr_line' id='line_1_2' title="bbox 380 1780 1445 1866; baseline 0 -20"><span class='ocrx_word' id='word_1_3' title='bbox 380 1783 565 1866; x_wconf 83' lang='lat' dir='ltr'><strong>Postquam</strong></span> <span class='ocrx_word' id='word_1_4' title='bbox 587 1781 735 1846; x_wconf 85' lang='lat' dir='ltr'><strong>carmina</strong></span> <span class='ocrx_word' id='word_1_5' title='bbox 752 1780 979 1846; x_wconf 82' lang='lat' dir='ltr'><strong>Elinsidlensia</strong></span> <span class='ocrx_word' id='word_1_6' title='bbox 1000 1803 1077 1846; x_wconf 92' lang='lat' dir='ltr'><strong>cum</strong></span> <span class='ocrx_word' id='word_1_7' title='bbox 1093 1781 1222 1846; x_wconf 88' lang='lat' dir='ltr'><strong>Lucani</strong></span> <span class='ocrx_word' id='word_1_8' title='bbox 1240 1781 1319 1846; x_wconf 93' lang='lat' dir='ltr'><strong>belli</strong></span> <span class='ocrx_word' id='word_1_9' title='bbox 1337 1781 1445 1848; x_wconf 90' lang='lat' dir='ltr'><strong>civilis</strong></span> 
     </span>
     <span class='ocr_line' id='line_1_3' title="bbox 273 1888 1445 1975; baseline -0.002 -21"><span class='ocrx_word' id='word_1_10' title='bbox 273 1889 367 1954; x_wconf 90' lang='lat' dir='ltr'><strong>libris</strong></span> <span class='ocrx_word' id='word_1_11' title='bbox 384 1889 438 1952; x_wconf 91' lang='grc' dir='ltr'><strong>ΙΙΙ</strong></span> <span class='ocrx_word' id='word_1_12' title='bbox 463 1888 630 1975; x_wconf 85' lang='lat' dir='ltr'>prioribus</span> <span class='ocrx_word' id='word_1_13' title='bbox 655 1889 742 1953; x_wconf 88' lang='lat' dir='ltr'><strong>circa</strong></span> <span class='ocrx_word' id='word_1_14' title='bbox 759 1911 885 1953; x_wconf 89' lang='lat' dir='ltr'><strong>annum</strong></span> <span class='ocrx_word' id='word_1_15' title='bbox 903 1898 945 1955; x_wconf 88' lang='grc'><strong>60</strong></span> <span class='ocrx_word' id='word_1_16' title='bbox 962 1889 1061 1953; x_wconf 88' lang='lat' dir='ltr'><strong>editis</strong></span> <span class='ocrx_word' id='word_1_17' title='bbox 1079 1889 1196 1954; x_wconf 85' lang='lat' dir='ltr'><strong>eadem</strong></span> <span class='ocrx_word' id='word_1_18' title='bbox 1212 1890 1284 1954; x_wconf 85' lang='lat' dir='ltr'><strong>fere</strong></span> <span class='ocrx_word' id='word_1_19' title='bbox 1300 1888 1445 1954; x_wconf 85' lang='lat' dir='ltr'><strong>Neronis</strong></span> 
     </span>
     <span class='ocr_line' id='line_1_4' title="bbox 273 1995 1445 2082; baseline 0.001 -23"><span class='ocrx_word' id='word_1_20' title='bbox 273 1996 382 2073; x_wconf 83' lang='lat' dir='ltr'><strong>laude,</strong></span> <span class='ocrx_word' id='word_1_21' title='bbox 419 2019 584 2073; x_wconf 88' lang='lat' dir='ltr'><strong>sermone,</strong></span> <span class='ocrx_word' id='word_1_22' title='bbox 624 1995 845 2082; x_wconf 86' lang='lat' dir='ltr'>philosophia,</span> <span class='ocrx_word' id='word_1_23' title='bbox 885 2019 920 2059; x_wconf 89' lang='lat' dir='ltr'><strong>re</strong></span> <span class='ocrx_word' id='word_1_24' title='bbox 953 1995 1091 2061; x_wconf 88' lang='lat' dir='ltr'><strong>metrica</strong></span> <span class='ocrx_word' id='word_1_25' title='bbox 1124 1996 1317 2082; x_wconf 86' lang='lat' dir='ltr'><strong>conspirare</strong></span> <span class='ocrx_word' id='word_1_26' title='bbox 1349 1995 1445 2060; x_wconf 90' lang='lat' dir='ltr'><strong>intel·</strong></span> 
     </span>
     <span class='ocr_line' id='line_1_5' title="bbox 272 2102 1445 2188; baseline 0 -22"><span class='ocrx_word' id='word_1_27' title='bbox 272 2103 427 2181; x_wconf 76' lang='lat' dir='ltr'><strong>lenimus,</strong></span> <span class='ocrx_word' id='word_1_28' title='bbox 461 2125 576 2169; x_wconf 90' lang='lat' dir='ltr'><strong>nonne</strong></span> <span class='ocrx_word' id='word_1_29' title='bbox 606 2102 771 2188; x_wconf 83' lang='lat' dir='ltr'><strong>suspicari</strong></span> <span class='ocrx_word' id='word_1_30' title='bbox 799 2103 875 2168; x_wconf 88' lang='lat' dir='ltr'><strong>licet</strong></span> <span class='ocrx_word' id='word_1_31' title='bbox 905 2104 987 2168; x_wconf 86' lang='lat' dir='ltr'><strong>hacc</strong></span> <span class='ocrx_word' id='word_1_32' title='bbox 1015 2103 1164 2168; x_wconf 87' lang='lat' dir='ltr'><strong>carmina</strong></span> <span class='ocrx_word' id='word_1_33' title='bbox 1192 2102 1344 2169; x_wconf 84' lang='lat' dir='ltr'><strong>bucolica</strong></span> <span class='ocrx_word' id='word_1_34' title='bbox 1372 2124 1445 2166; x_wconf 92' lang='lat' dir='ltr'><strong>esse</strong></span> 
     </span>
     <span class='ocr_line' id='line_1_6' title="bbox 274 2210 1446 2294; baseline -0.003 -19"><span class='ocrx_word' id='word_1_35' title='bbox 274 2233 329 2276; x_wconf 87' lang='lat' dir='ltr'><strong>eas</strong></span> <span class='ocrx_word' id='word_1_36' title='bbox 358 2212 474 2276; x_wconf 88' lang='lat' dir='ltr'><strong>laudes</strong></span> <span class='ocrx_word' id='word_1_37' title='bbox 498 2210 654 2287; x_wconf 77' lang='lat' dir='ltr'><strong>Neronia,</strong></span> <span class='ocrx_word' id='word_1_38' title='bbox 684 2232 766 2294; x_wconf 88' lang='lat' dir='ltr'><strong>quas</strong></span> <span class='ocrx_word' id='word_1_39' title='bbox 795 2232 884 2274; x_wconf 90' lang='lat' dir='ltr'><strong>anno</strong></span> <span class='ocrx_word' id='word_1_40' title='bbox 911 2219 953 2276; x_wconf 89' lang='lat'><strong>60</strong></span> <span class='ocrx_word' id='word_1_41' title='bbox 984 2211 1163 2274; x_wconf 84' lang='lat' dir='ltr'><strong>aLuoano</strong></span> <span class='ocrx_word' id='word_1_42' title='bbox 1192 2210 1347 2275; x_wconf 86' lang='lat' dir='ltr'><strong>recitatas</strong></span> <span class='ocrx_word' id='word_1_43' title='bbox 1372 2231 1446 2274; x_wconf 87' lang='lat' dir='ltr'><strong>esso</strong></span> 
     </span>
     <span class='ocr_line' id='line_1_7' title="bbox 274 2313 1445 2404; baseline -0.001 -21"><span class='ocrx_word' id='word_1_44' title='bbox 274 2341 377 2404; x_wconf 85' lang='lat' dir='ltr'><strong>supra</strong></span> <span class='ocrx_word' id='word_1_45' title='bbox 406 2313 735 2384; x_wconf 68' lang='lat' dir='ltr'><strong>demonstravimus?</strong></span> <span class='ocrx_word' id='word_1_46' title='bbox 782 2318 874 2395; x_wconf 77' lang='lat' dir='ltr'><strong>Quae</strong></span> <span class='ocrx_word' id='word_1_47' title='bbox 903 2316 1096 2382; x_wconf 89' lang='lat' dir='ltr'><strong>coniectura</strong></span> <span class='ocrx_word' id='word_1_48' title='bbox 1124 2340 1200 2382; x_wconf 90' lang='lat' dir='ltr'><strong>cum</strong></span> <span class='ocrx_word' id='word_1_49' title='bbox 1226 2325 1362 2403; x_wconf 89' lang='lat' dir='ltr'><strong>propter</strong></span> <span class='ocrx_word' id='word_1_50' title='bbox 1385 2318 1445 2382; x_wconf 85' lang='lat' dir='ltr'><strong>has</strong></span> 
     </span>
     <span class='ocr_line' id='line_1_8' title="bbox 274 2424 1445 2511; baseline -0.003 -20"><span class='ocrx_word' id='word_1_51' title='bbox 274 2427 510 2492; x_wconf 79' lang='lat' dir='ltr'><strong>similitudines</strong></span> <span class='ocrx_word' id='word_1_52' title='bbox 538 2425 605 2490; x_wconf 88' lang='lat' dir='ltr'><strong>iam</strong></span> <span class='ocrx_word' id='word_1_53' title='bbox 634 2424 857 2511; x_wconf 84' lang='lat' dir='ltr'><strong>probalilitate</strong></span> <span class='ocrx_word' id='word_1_54' title='bbox 886 2448 954 2490; x_wconf 94' lang='lat' dir='ltr'><strong>non</strong></span> <span class='ocrx_word' id='word_1_55' title='bbox 979 2432 1100 2503; x_wconf 85' lang='lat' dir='ltr'><strong>careat,</strong></span> <span class='ocrx_word' id='word_1_56' title='bbox 1130 2440 1236 2511; x_wconf 86' lang='lat' dir='ltr'><strong>paene</strong></span> <span class='ocrx_word' id='word_1_57' title='bbox 1260 2432 1351 2490; x_wconf 88' lang='lat' dir='ltr'><strong>certa</strong></span> <span class='ocrx_word' id='word_1_58' title='bbox 1374 2425 1445 2502; x_wconf 89' lang='lat' dir='ltr'><strong>fiet,</strong></span> 
     </span>
     <span class='ocr_line' id='line_1_9' title="bbox 274 2532 1399 2600; baseline -0.003 -2"><span class='ocrx_word' id='word_1_59' title='bbox 274 2534 302 2598; x_wconf 90' lang='lat' dir='ltr'><strong>si</strong></span> <span class='ocrx_word' id='word_1_60' title='bbox 325 2533 473 2600; x_wconf 86' lang='lat' dir='ltr'><strong>earmina</strong></span> <span class='ocrx_word' id='word_1_61' title='bbox 496 2534 579 2598; x_wconf 88' lang='lat' dir='ltr'><strong>haec</strong></span> <span class='ocrx_word' id='word_1_62' title='bbox 603 2556 638 2596; x_wconf 91' lang='lat' dir='ltr'><strong>re</strong></span> <span class='ocrx_word' id='word_1_63' title='bbox 662 2555 743 2598; x_wconf 85' lang='lat' dir='ltr'><strong>vera</strong></span> <span class='ocrx_word' id='word_1_64' title='bbox 767 2556 856 2598; x_wconf 91' lang='lat' dir='ltr'><strong>anno</strong></span> <span class='ocrx_word' id='word_1_65' title='bbox 881 2541 923 2599; x_wconf 90' lang='lat'><strong>60</strong></span> <span class='ocrx_word' id='word_1_66' title='bbox 947 2539 1020 2597; x_wconf 87' lang='lat' dir='ltr'><strong>orta</strong></span> <span class='ocrx_word' id='word_1_67' title='bbox 1043 2554 1118 2597; x_wconf 88' lang='lat' dir='ltr'><strong>esse</strong></span> <span class='ocrx_word' id='word_1_68' title='bbox 1142 2532 1399 2598; x_wconf 80' lang='lat' dir='ltr'><strong>ostenderimus,</strong></span> 
     </span>
    </p>

    <p class='ocr_par' dir='ltr' id='par_1_3' title="bbox 270 2640 1445 4552">
     <span class='ocr_line' id='line_1_10' title="bbox 382 2640 1444 2726; baseline -0.003 -20"><span class='ocrx_word' id='word_1_69' title='bbox 382 2641 455 2719; x_wconf 77' lang='lat' dir='ltr'><strong>Qua</strong></span> <span class='ocrx_word' id='word_1_70' title='bbox 477 2641 512 2705; x_wconf 90' lang='lat' dir='ltr'><strong>in</strong></span> <span class='ocrx_word' id='word_1_71' title='bbox 537 2664 572 2704; x_wconf 92' lang='lat' dir='ltr'><strong>re</strong></span> <span class='ocrx_word' id='word_1_72' title='bbox 600 2640 827 2726; x_wconf 87' lang='lat' dir='ltr'><strong>perquirenda</strong></span> <span class='ocrx_word' id='word_1_73' title='bbox 850 2663 869 2704; x_wconf 90' lang='lat' dir='ltr'><strong>a</strong></span> <span class='ocrx_word' id='word_1_74' title='bbox 892 2640 1040 2705; x_wconf 86' lang='lat' dir='ltr'><strong>carmine</strong></span> <span class='ocrx_word' id='word_1_75' title='bbox 1064 2641 1100 2704; x_wconf 89' lang='grc' dir='ltr'><strong>ΙΙ</strong></span> <span class='ocrx_word' id='word_1_76' title='bbox 1124 2640 1252 2726; x_wconf 85' lang='lat' dir='ltr'><strong>egressi</strong></span> <span class='ocrx_word' id='word_1_77' title='bbox 1280 2662 1333 2704; x_wconf 92' lang='lat' dir='ltr'><strong>res</strong></span> <span class='ocrx_word' id='word_1_78' title='bbox 1362 2662 1444 2704; x_wconf 93' lang='lat' dir='ltr'><strong>non·</strong></span> 
     </span>
     <span class='ocr_line' id='line_1_11' title="bbox 274 2731 1445 2833; baseline -0.002 -21"><span class='ocrx_word' id='word_1_79' title='bbox 274 2749 355 2813; x_wconf 93' lang='lat' dir='ltr'><strong>dum</strong></span> <span class='ocrx_word' id='word_1_80' title='bbox 385 2748 555 2813; x_wconf 86' lang='lat' dir='ltr'><strong>absolutas</strong></span> <span class='ocrx_word' id='word_1_81' title='bbox 583 2748 800 2812; x_wconf 83' lang='lat' dir='ltr'><strong>illustremus.</strong></span> <span class='ocrx_word' id='word_1_82' title='bbox 858 2747 912 2812; x_wconf 90' lang='lat' dir='ltr'><strong>lbi</strong></span> <span class='ocrx_word' id='word_1_83' title='bbox 940 2759 1039 2833; x_wconf 88' lang='lat' dir='ltr'><strong>poeta</strong></span> <span class='ocrx_word' id='word_1_84' title='bbox 1068 2769 1203 2812; x_wconf 86' lang='lat' dir='ltr'><strong>auream</strong></span> <span class='ocrx_word' id='word_1_85' title='bbox 1232 2769 1300 2811; x_wconf 90' lang='lat' dir='ltr'><strong>non</strong></span> <span class='ocrx_word' id='word_1_86' title='bbox 1329 2731 1445 2811; x_wconf 85' lang='lat' dir='ltr'><strong>vatici·</strong></span> 
     </span>
     <span class='ocr_line' id='line_1_12' title="bbox 273 2853 1445 2941; baseline -0.001 -22"><span class='ocrx_word' id='word_1_87' title='bbox 273 2864 373 2919; x_wconf 89' lang='lat' dir='ltr'><strong>natur</strong></span> <span class='ocrx_word' id='word_1_88' title='bbox 408 2863 551 2920; x_wconf 88' lang='lat' dir='ltr'><strong>aetatem</strong></span> <span class='ocrx_word' id='word_1_89' title='bbox 586 2863 764 2921; x_wconf 85' lang='lat' dir='ltr'><strong>venturam</strong></span> <span class='ocrx_word' id='word_1_90' title='bbox 794 2855 901 2937; x_wconf 87' lang='lat' dir='ltr'><strong>(velut</strong></span> <span class='ocrx_word' id='word_1_91' title='bbox 930 2853 1132 2941; x_wconf 80' lang='lat' dir='ltr'><strong>Calpurnius</strong></span> <span class='ocrx_word' id='word_1_92' title='bbox 1162 2854 1197 2918; x_wconf 92' lang='lat' dir='ltr'><strong>in</strong></span> <span class='ocrx_word' id='word_1_93' title='bbox 1223 2854 1282 2919; x_wconf 88' lang='lat' dir='ltr'><strong>ecl.</strong></span> <span class='ocrx_word' id='word_1_94' title='bbox 1307 2855 1348 2939; x_wconf 83' lang='lat' dir='ltr'><strong>I),</strong></span> <span class='ocrx_word' id='word_1_95' title='bbox 1385 2854 1445 2918; x_wconf 93' lang='lat' dir='ltr'><strong>sed</strong></span> 
     </span>
     <span class='ocr_line' id='line_1_13' title="bbox 272 2961 1444 3049; baseline -0.001 -22"><span class='ocrx_word' id='word_1_96' title='bbox 272 2963 338 3027; x_wconf 89' lang='lat' dir='ltr'><strong>iam</strong></span> <span class='ocrx_word' id='word_1_97' title='bbox 356 2971 568 3049; x_wconf 87' lang='lat' dir='ltr'><strong>praesentem</strong></span> <span class='ocrx_word' id='word_1_98' title='bbox 584 2962 693 3027; x_wconf 86' lang='lat' dir='ltr'><strong>iactat.</strong></span> <span class='ocrx_word' id='word_1_99' title='bbox 735 2962 822 3040; x_wconf 77' lang='lat' dir='ltr'><strong>Quin</strong></span> <span class='ocrx_word' id='word_1_100' title='bbox 840 2963 940 3026; x_wconf 88' lang='lat' dir='ltr'><strong>etiam</strong></span> <span class='ocrx_word' id='word_1_101' title='bbox 958 2963 1091 3048; x_wconf 90' lang='lat' dir='ltr'><strong>Mystae</strong></span> <span class='ocrx_word' id='word_1_102' title='bbox 1108 2961 1261 3026; x_wconf 83' lang='lat' dir='ltr'><strong>satietate</strong></span> <span class='ocrx_word' id='word_1_103' title='bbox 1279 2963 1444 3027; x_wconf 90' lang='lat' dir='ltr'><strong>bonorum</strong></span> 
     </span>
     <span class='ocr_line' id='line_1_14' title="bbox 274 3069 1444 3156; baseline -0.001 -21"><span class='ocrx_word' id='word_1_104' title='bbox 274 3093 379 3156; x_wconf 90' lang='lat' dir='ltr'><strong>paene</strong></span> <span class='ocrx_word' id='word_1_105' title='bbox 403 3070 469 3135; x_wconf 89' lang='lat' dir='ltr'><strong>iam</strong></span> <span class='ocrx_word' id='word_1_106' title='bbox 493 3070 583 3134; x_wconf 80' lang='lat' dir='ltr'><strong>fesso</strong></span> <span class='ocrx_word' id='word_1_107' title='bbox 600 3093 700 3135; x_wconf 91' lang='lat' dir='ltr'><strong>curae</strong></span> <span class='ocrx_word' id='word_1_108' title='bbox 717 3077 873 3155; x_wconf 84' lang='lat' dir='ltr'><strong>surgunt,</strong></span> <span class='ocrx_word' id='word_1_109' title='bbox 900 3070 990 3155; x_wconf 92' lang='lat' dir='ltr'><strong>quod</strong></span> <span class='ocrx_word' id='word_1_110' title='bbox 1006 3069 1161 3134; x_wconf 77' lang='lat' dir='ltr'><strong>stolidum</strong></span> <span class='ocrx_word' id='word_1_111' title='bbox 1172 3092 1276 3151; x_wconf 80' lang='lat' dir='ltr'><strong>pecus</strong></span> <span class='ocrx_word' id='word_1_112' title='bbox 1292 3069 1444 3134; x_wconf 89' lang='lat' dir='ltr'><strong>nondum</strong></span> 
     </span>
     <span class='ocr_line' id='line_1_15' title="bbox 271 3176 1444 3263; baseline -0.001 -22"><span class='ocrx_word' id='word_1_113' title='bbox 271 3177 448 3263; x_wconf 89' lang='lat' dir='ltr'><strong>intellegat</strong></span> <span class='ocrx_word' id='word_1_114' title='bbox 472 3199 589 3243; x_wconf 86' lang='lat' dir='ltr'><strong>revera</strong></span> <span class='ocrx_word' id='word_1_115' title='bbox 613 3185 765 3263; x_wconf 86' lang='lat' dir='ltr'><strong>tempora</strong></span> <span class='ocrx_word' id='word_1_116' title='bbox 789 3177 926 3241; x_wconf 76' lang='lat' dir='ltr'><strong>Saturni</strong></span> <span class='ocrx_word' id='word_1_117' title='bbox 951 3177 1100 3241; x_wconf 90' lang='lat' dir='ltr'><strong>rediisse.</strong></span> <span class='ocrx_word' id='word_1_118' title='bbox 1148 3176 1308 3263; x_wconf 89' lang='lat' dir='ltr'><strong>Inprimis</strong></span> <span class='ocrx_word' id='word_1_119' title='bbox 1332 3184 1444 3240; x_wconf 89' lang='lat' dir='ltr'><strong>autem</strong></span> 
     </span>
     <span class='ocr_line' id='line_1_16' title="bbox 271 3282 1445 3369; baseline -0.002 -22"><span class='ocrx_word' id='word_1_120' title='bbox 271 3284 393 3349; x_wconf 92' lang='lat' dir='ltr'><strong>iterum</strong></span> <span class='ocrx_word' id='word_1_121' title='bbox 428 3284 618 3369; x_wconf 89' lang='lat' dir='ltr'><strong>iterumque</strong></span> <span class='ocrx_word' id='word_1_122' title='bbox 654 3283 875 3349; x_wconf 85' lang='lat' dir='ltr'><strong>confirmatur</strong></span> <span class='ocrx_word' id='word_1_123' title='bbox 908 3284 950 3347; x_wconf 92' lang='lat' dir='ltr'><strong>de</strong></span> <span class='ocrx_word' id='word_1_124' title='bbox 986 3283 1073 3349; x_wconf 83' lang='lat' dir='ltr'><strong>bello</strong></span> <span class='ocrx_word' id='word_1_125' title='bbox 1107 3283 1197 3348; x_wconf 88' lang='lat' dir='ltr'><strong>civili</strong></span> <span class='ocrx_word' id='word_1_126' title='bbox 1226 3306 1268 3347; x_wconf 92' lang='lat' dir='ltr'><strong>ne</strong></span> <span class='ocrx_word' id='word_1_127' title='bbox 1304 3282 1445 3368; x_wconf 85' lang='lat' dir='ltr'><strong>cogitari</strong></span> 
     </span>
     <span class='ocr_line' id='line_1_17' title="bbox 273 3390 1444 3478; baseline -0.003 -22"><span class='ocrx_word' id='word_1_128' title='bbox 273 3392 408 3477; x_wconf 92' lang='lat' dir='ltr'><strong>quidem</strong></span> <span class='ocrx_word' id='word_1_129' title='bbox 435 3414 542 3478; x_wconf 88' lang='lat' dir='ltr'><strong>posse.</strong></span> <span class='ocrx_word' id='word_1_130' title='bbox 591 3392 643 3455; x_wconf 84' lang='lat' dir='ltr'><strong>Ex</strong></span> <span class='ocrx_word' id='word_1_131' title='bbox 667 3391 815 3456; x_wconf 81' lang='lat' dir='ltr'><strong>carmine</strong></span> <span class='ocrx_word' id='word_1_132' title='bbox 838 3391 943 3476; x_wconf 87' lang='lat' dir='ltr'><strong>igitur</strong></span> <span class='ocrx_word' id='word_1_133' title='bbox 966 3390 1039 3476; x_wconf 90' lang='lat' dir='ltr'><strong>ipso</strong></span> <span class='ocrx_word' id='word_1_134' title='bbox 1063 3390 1121 3455; x_wconf 85' lang='lat' dir='ltr'><strong>vix</strong></span> <span class='ocrx_word' id='word_1_135' title='bbox 1146 3391 1301 3456; x_wconf 88' lang='lat' dir='ltr'><strong>concludi</strong></span> <span class='ocrx_word' id='word_1_136' title='bbox 1324 3398 1444 3476; x_wconf 89' lang='lat' dir='ltr'><strong>potest,</strong></span> 
     </span>
     <span class='ocr_line' id='line_1_18' title="bbox 273 3497 1444 3585; baseline -0.003 -21"><span class='ocrx_word' id='word_1_137' title='bbox 273 3521 339 3584; x_wconf 93' lang='lat' dir='ltr'><strong>quo</strong></span> <span class='ocrx_word' id='word_1_138' title='bbox 357 3507 507 3585; x_wconf 84' lang='lat' dir='ltr'><strong>tempore</strong></span> <span class='ocrx_word' id='word_1_139' title='bbox 524 3507 634 3563; x_wconf 89' lang='lat' dir='ltr'><strong>ortum</strong></span> <span class='ocrx_word' id='word_1_140' title='bbox 652 3499 705 3576; x_wconf 88' lang='lat' dir='ltr'><strong>sit,</strong></span> <span class='ocrx_word' id='word_1_141' title='bbox 729 3499 764 3562; x_wconf 92' lang='lat' dir='ltr'><strong>id</strong></span> <span class='ocrx_word' id='word_1_142' title='bbox 787 3499 875 3583; x_wconf 91' lang='lat' dir='ltr'><strong>quod</strong></span> <span class='ocrx_word' id='word_1_143' title='bbox 894 3499 1082 3563; x_wconf 87' lang='lat' dir='ltr'><strong>Buecheler</strong></span> <span class='ocrx_word' id='word_1_144' title='bbox 1098 3497 1222 3583; x_wconf 90' lang='lat' dir='ltr'><strong>optime</strong></span> <span class='ocrx_word' id='word_1_145' title='bbox 1239 3497 1444 3581; x_wconf 76' lang='lat' dir='ltr'><strong>cognovit1),</strong></span> 
     </span>
     <span class='ocr_line' id='line_1_19' title="bbox 273 3605 1445 3693; baseline -0.003 -21"><span class='ocrx_word' id='word_1_146' title='bbox 273 3608 369 3686; x_wconf 77' lang='lat' dir='ltr'><strong>Quod</strong></span> <span class='ocrx_word' id='word_1_147' title='bbox 397 3606 502 3692; x_wconf 87' lang='lat' dir='ltr'><strong>igitur</strong></span> <span class='ocrx_word' id='word_1_148' title='bbox 526 3607 658 3671; x_wconf 76' lang='lat' dir='ltr'><strong>Gerclre</strong></span> <span class='ocrx_word' id='word_1_149' title='bbox 687 3607 751 3670; x_wconf 90' lang='lat' dir='ltr'><strong>hoo</strong></span> <span class='ocrx_word' id='word_1_150' title='bbox 780 3628 915 3670; x_wconf 89' lang='lat' dir='ltr'><strong>carmen</strong></span> <span class='ocrx_word' id='word_1_151' title='bbox 945 3614 1083 3693; x_wconf 90' lang='lat' dir='ltr'><strong>propter</strong></span> <span class='ocrx_word' id='word_1_152' title='bbox 1111 3626 1245 3669; x_wconf 89' lang='lat' dir='ltr'><strong>versum</strong></span> <span class='ocrx_word' id='word_1_153' title='bbox 1277 3611 1355 3669; x_wconf 79' lang='lat' dir='ltr'><strong>tuus</strong></span> <span class='ocrx_word' id='word_1_154' title='bbox 1378 3605 1445 3670; x_wconf 80' lang='lat' dir='ltr'><strong>iam</strong></span> 
     </span>
     <span class='ocr_line' id='line_1_20' title="bbox 272 3713 1445 3798; baseline -0.002 -20"><span class='ocrx_word' id='word_1_155' title='bbox 272 3721 388 3798; x_wconf 76' lang='lat' dir='ltr'><strong>repant</strong></span> <span class='ocrx_word' id='word_1_156' title='bbox 411 3713 528 3796; x_wconf 80' lang='lat' dir='ltr'><strong>Apollo</strong></span> <span class='ocrx_word' id='word_1_157' title='bbox 563 3713 659 3778; x_wconf 91' lang='lat' dir='ltr'><strong>initio</strong></span> <span class='ocrx_word' id='word_1_158' title='bbox 697 3713 815 3778; x_wconf 85' lang='lat' dir='ltr'><strong>aetatis</strong></span> <span class='ocrx_word' id='word_1_159' title='bbox 845 3715 1039 3788; x_wconf 78' lang='lat' dir='ltr'><strong>Namnasa,</strong></span> <span class='ocrx_word' id='word_1_160' title='bbox 1058 3720 1168 3777; x_wconf 89' lang='lat' dir='ltr'><strong>ortum</strong></span> <span class='ocrx_word' id='word_1_161' title='bbox 1204 3734 1277 3776; x_wconf 88' lang='lat' dir='ltr'><strong>esse</strong></span> <span class='ocrx_word' id='word_1_162' title='bbox 1312 3713 1445 3798; x_wconf 88' lang='lat' dir='ltr'><strong>putavit</strong></span> 
     </span>
     <span class='ocr_line' id='line_1_21' title="bbox 272 3819 1444 3908; baseline -0.002 -22"><span class='ocrx_word' id='word_1_163' title='bbox 272 3830 372 3908; x_wconf 90' lang='lat' dir='ltr'><strong>atque</strong></span> <span class='ocrx_word' id='word_1_164' title='bbox 397 3819 496 3887; x_wconf 82' lang='lat' dir='ltr'><strong>certis</strong></span> <span class='ocrx_word' id='word_1_165' title='bbox 521 3821 618 3886; x_wconf 90' lang='lat' dir='ltr'><strong>annis</strong></span> <span class='ocrx_word' id='word_1_166' title='bbox 642 3821 701 3886; x_wconf 90' lang='lat' dir='ltr'><strong>vel</strong></span> <span class='ocrx_word' id='word_1_167' title='bbox 726 3821 827 3888; x_wconf 69' lang='lat'>5364</span> <span class='ocrx_word' id='word_1_168' title='bbox 851 3821 908 3886; x_wconf 89' lang='lat' dir='ltr'><strong>vel</strong></span> <span class='ocrx_word' id='word_1_169' title='bbox 932 3819 1031 3887; x_wconf 72' lang='lat'>5667</span> <span class='ocrx_word' id='word_1_170' title='bbox 1058 3828 1195 3905; x_wconf 91' lang='lat' dir='ltr'><strong>propter</strong></span> <span class='ocrx_word' id='word_1_171' title='bbox 1212 3841 1328 3905; x_wconf 90' lang='lat' dir='ltr'><strong>paoem</strong></span> <span class='ocrx_word' id='word_1_172' title='bbox 1353 3819 1444 3885; x_wconf 90' lang='lat' dir='ltr'><strong>illam</strong></span> 
     </span>
     <span class='ocr_line' id='line_1_22' title="bbox 273 3926 1444 4015; baseline -0.003 -21"><span class='ocrx_word' id='word_1_173' title='bbox 273 3929 496 4015; x_wconf 77' lang='lat' dir='ltr'><strong>adscripsit2),</strong></span> <span class='ocrx_word' id='word_1_174' title='bbox 521 3928 632 4014; x_wconf 89' lang='lat' dir='ltr'><strong>priore</strong></span> <span class='ocrx_word' id='word_1_175' title='bbox 657 3935 857 4014; x_wconf 88' lang='lat' dir='ltr'><strong>argumento</strong></span> <span class='ocrx_word' id='word_1_176' title='bbox 882 3949 935 3992; x_wconf 91' lang='lat' dir='ltr'><strong>res</strong></span> <span class='ocrx_word' id='word_1_177' title='bbox 959 3927 1169 4013; x_wconf 89' lang='lat' dir='ltr'><strong>probaretur,</strong></span> <span class='ocrx_word' id='word_1_178' title='bbox 1194 3926 1223 3990; x_wconf 92' lang='lat' dir='ltr'><strong>si</strong></span> <span class='ocrx_word' id='word_1_179' title='bbox 1246 3948 1365 3990; x_wconf 89' lang='lat' dir='ltr'><strong>versus</strong></span> <span class='ocrx_word' id='word_1_180' title='bbox 1389 3926 1444 3990; x_wconf 91' lang='lat' dir='ltr'><strong>ille</strong></span> 
     </span>
     <span class='ocr_line' id='line_1_23' title="bbox 272 4034 1444 4123; baseline -0.002 -23"><span class='ocrx_word' id='word_1_181' title='bbox 272 4036 319 4101; x_wconf 88' lang='lat' dir='ltr'><strong>ita</strong></span> <span class='ocrx_word' id='word_1_182' title='bbox 344 4059 363 4102; x_wconf 87' lang='lat' dir='ltr'><strong>a</strong></span> <span class='ocrx_word' id='word_1_183' title='bbox 391 4044 491 4123; x_wconf 86' lang='lat' dir='ltr'><strong>poeta</strong></span> <span class='ocrx_word' id='word_1_184' title='bbox 519 4036 593 4123; x_wconf 88' lang='lat' dir='ltr'><strong>ipso</strong></span> <span class='ocrx_word' id='word_1_185' title='bbox 618 4036 730 4113; x_wconf 86' lang='lat' dir='ltr'><strong>fictus,</strong></span> <span class='ocrx_word' id='word_1_186' title='bbox 759 4058 827 4100; x_wconf 91' lang='lat' dir='ltr'><strong>non</strong></span> <span class='ocrx_word' id='word_1_187' title='bbox 854 4059 895 4100; x_wconf 80' lang='lat' dir='ltr'><strong>ex</strong></span> <span class='ocrx_word' id='word_1_188' title='bbox 919 4034 1071 4121; x_wconf 87' lang='lat' dir='ltr'><strong>Vergilio</strong></span> <span class='ocrx_word' id='word_1_189' title='bbox 1096 4035 1316 4122; x_wconf 88' lang='lat' dir='ltr'><strong>depromptus</strong></span> <span class='ocrx_word' id='word_1_190' title='bbox 1345 4041 1444 4108; x_wconf 87' lang='lat' dir='ltr'><strong>esset,</strong></span> 
     </span>
     <span class='ocr_line' id='line_1_24' title="bbox 271 4141 1443 4229; baseline -0.001 -22"><span class='ocrx_word' id='word_1_191' title='bbox 271 4144 414 4208; x_wconf 88' lang='lat' dir='ltr'><strong>alterum</strong></span> <span class='ocrx_word' id='word_1_192' title='bbox 449 4166 530 4208; x_wconf 91' lang='lat' dir='ltr'><strong>vero</strong></span> <span class='ocrx_word' id='word_1_193' title='bbox 567 4165 655 4208; x_wconf 88' lang='lat' dir='ltr'><strong>anno</strong></span> <span class='ocrx_word' id='word_1_194' title='bbox 681 4153 723 4210; x_wconf 93' lang='lat'><strong>60</strong></span> <span class='ocrx_word' id='word_1_195' title='bbox 758 4166 828 4208; x_wconf 93' lang='lat' dir='ltr'><strong>non</strong></span> <span class='ocrx_word' id='word_1_196' title='bbox 864 4150 1042 4229; x_wconf 87' lang='lat' dir='ltr'><strong>repugnat,</strong></span> <span class='ocrx_word' id='word_1_197' title='bbox 1077 4165 1154 4207; x_wconf 90' lang='lat' dir='ltr'><strong>cum</strong></span> <span class='ocrx_word' id='word_1_198' title='bbox 1189 4142 1243 4207; x_wconf 89' lang='lat' dir='ltr'><strong>hic</strong></span> <span class='ocrx_word' id='word_1_199' title='bbox 1280 4141 1443 4206; x_wconf 90' lang='lat' dir='ltr'><strong>bellorum</strong></span> 
     </span>
     <span class='ocr_line' id='line_1_25' title="bbox 271 4233 1444 4336; baseline -0.003 -20"><span class='ocrx_word' id='word_1_200' title='bbox 271 4251 421 4317; x_wconf 90' lang='lat' dir='ltr'><strong>civilium</strong></span> <span class='ocrx_word' id='word_1_201' title='bbox 449 4257 580 4316; x_wconf 89' lang='lat' dir='ltr'><strong>tantum</strong></span> <span class='ocrx_word' id='word_1_202' title='bbox 609 4251 735 4316; x_wconf 91' lang='lat' dir='ltr'><strong>mentio</strong></span> <span class='ocrx_word' id='word_1_203' title='bbox 759 4250 829 4316; x_wconf 84' lang='lat' dir='ltr'><strong>fiat.</strong></span> <span class='ocrx_word' id='word_1_204' title='bbox 877 4233 1011 4316; x_wconf 89' lang='lat' dir='ltr'><strong>Nerone</strong></span> <span class='ocrx_word' id='word_1_205' title='bbox 1047 4272 1158 4314; x_wconf 91' lang='lat' dir='ltr'><strong>rerum</strong></span> <span class='ocrx_word' id='word_1_206' title='bbox 1195 4249 1301 4336; x_wconf 89' lang='lat' dir='ltr'><strong>potito</strong></span> <span class='ocrx_word' id='word_1_207' title='bbox 1336 4271 1444 4334; x_wconf 90' lang='lat' dir='ltr'><strong>usque</strong></span> 
     </span>
     <span class='ocr_line' id='line_1_26' title="bbox 272 4356 1443 4443; baseline -0.002 -21"><span class='ocrx_word' id='word_1_208' title='bbox 272 4358 313 4422; x_wconf 97' lang='lat' dir='ltr'><strong>ad</strong></span> <span class='ocrx_word' id='word_1_209' title='bbox 333 4380 459 4422; x_wconf 85' lang='lat' dir='ltr'><strong>annum</strong></span> <span class='ocrx_word' id='word_1_210' title='bbox 478 4368 517 4425; x_wconf 87' lang='lat'><strong>61</strong></span> <span class='ocrx_word' id='word_1_211' title='bbox 544 4359 632 4423; x_wconf 85' lang='lat' dir='ltr'><strong>bella</strong></span> <span class='ocrx_word' id='word_1_212' title='bbox 657 4358 781 4424; x_wconf 86' lang='lat' dir='ltr'><strong>maiora</strong></span> <span class='ocrx_word' id='word_1_213' title='bbox 804 4380 874 4423; x_wconf 90' lang='lat' dir='ltr'><strong>non</strong></span> <span class='ocrx_word' id='word_1_214' title='bbox 898 4364 995 4443; x_wconf 85' lang='lat' dir='ltr'><strong>gesta</strong></span> <span class='ocrx_word' id='word_1_215' title='bbox 1016 4364 1096 4421; x_wconf 92' lang='lat' dir='ltr'><strong>sunt</strong></span> <span class='ocrx_word' id='word_1_216' title='bbox 1116 4365 1250 4443; x_wconf 86' lang='lat' dir='ltr'><strong>praeter</strong></span> <span class='ocrx_word' id='word_1_217' title='bbox 1266 4356 1443 4436; x_wconf 81' lang='lat' dir='ltr'><strong>continuas</strong></span> 
     </span>
     <span class='ocr_line' id='line_1_27' title="bbox 270 4463 1443 4552; baseline 0.001 -23"><span class='ocrx_word' id='word_1_218' title='bbox 270 4465 345 4530; x_wconf 87' lang='lat' dir='ltr'><strong>illas</strong></span> <span class='ocrx_word' id='word_1_219' title='bbox 370 4465 404 4530; x_wconf 94' lang='lat' dir='ltr'><strong>in</strong></span> <span class='ocrx_word' id='word_1_220' title='bbox 429 4465 556 4531; x_wconf 84' lang='lat' dir='ltr'><strong>finibus</strong></span> <span class='ocrx_word' id='word_1_221' title='bbox 586 4466 718 4552; x_wconf 90' lang='lat' dir='ltr'><strong>imperii</strong></span> <span class='ocrx_word' id='word_1_222' title='bbox 746 4465 940 4530; x_wconf 89' lang='lat' dir='ltr'><strong>seditiones.</strong></span> <span class='ocrx_word' id='word_1_223' title='bbox 987 4463 1157 4529; x_wconf 90' lang='lat' dir='ltr'><strong>Neronem</strong></span> <span class='ocrx_word' id='word_1_224' title='bbox 1182 4486 1263 4530; x_wconf 86' lang='lat' dir='ltr'><strong>voro</strong></span> <span class='ocrx_word' id='word_1_225' title='bbox 1288 4486 1376 4528; x_wconf 90' lang='lat' dir='ltr'><strong>anno</strong></span> <span class='ocrx_word' id='word_1_226' title='bbox 1401 4472 1443 4530; x_wconf 88' lang='lat'><strong>60</strong></span> 
     </span>
    </p>
   </div>
   <div class='ocr_carea' id='block_1_3' title="bbox 378 4735 820 4896">
    <p class='ocr_par' dir='ltr' id='par_1_4' title="bbox 378 4735 820 4896">
     <span class='ocr_line' id='line_1_28' title="bbox 378 4735 520 4806; baseline 0 -18"><span class='ocrx_word' id='word_1_227' title='bbox 378 4735 401 4805; x_wconf 86' lang='lat'><strong>¹)</strong></span> <span class='ocrx_word' id='word_1_228' title='bbox 420 4753 446 4806; x_wconf 87' lang='lat' dir='ltr'><strong>p.</strong></span> <span class='ocrx_word' id='word_1_229' title='bbox 460 4735 520 4789; x_wconf 84' lang='lat'><strong>238.</strong></span> 
     </span>
     <span class='ocr_line' id='line_1_29' title="bbox 379 4823 820 4896; baseline 0.009 -20"><span class='ocrx_word' id='word_1_230' title='bbox 379 4825 400 4895; x_wconf 83' lang='lat'><strong>²)</strong></span> <span class='ocrx_word' id='word_1_231' title='bbox 420 4823 583 4878; x_wconf 87' lang='lat' dir='ltr'><strong>Sen.-Stud.</strong></span> <span class='ocrx_word' id='word_1_232' title='bbox 604 4843 630 4896; x_wconf 87' lang='lat' dir='ltr'><strong>p.</strong></span> <span class='ocrx_word' id='word_1_233' title='bbox 644 4825 696 4878; x_wconf 82' lang='lat'><strong>257</strong></span> <span class='ocrx_word' id='word_1_234' title='bbox 716 4823 781 4878; x_wconf 84' lang='lat' dir='ltr'><strong>adn.</strong></span> <span class='ocrx_word' id='word_1_235' title='bbox 798 4825 820 4882; x_wconf 89' lang='grc'><strong>1.</strong></span> 
     </span>
    </p>
   </div>
   <div class='ocr_carea' id='block_1_4' title="bbox 0 0 1776 5494">
    <p class='ocr_par' dir='ltr' id='par_1_5' title="bbox 0 0 1776 5494">
     <span class='ocr_line' id='line_1_30' title="bbox 0 0 1776 5494; baseline 0 0"><span class='ocrx_word' id='word_1_236' title='bbox 0 0 1776 5494; x_wconf 95' lang='lat' dir='ltr'><strong> </strong></span> 
     </span>
    </p>
   </div>
  </div>
 </body>
</html>
