3544 5494
742 601 962 664 ..43-

828 810 874 874 Π.

503 925 598 982 7-9.
635 914 822 1002 Thamyras
1058 929 1223 986 3versus

482 1023 745 1089 10—12.Ladas
1060 1037 1079 1094 3
1152 1078 1167 1107 ,‚

399 1175 402 1182 ι
482 1131 743 1197 1a.14.deas
1061 1145 1079 1202 2
1152 1185 1167 1214 ,‚

819 1258 882 1322 ΙΙΙ.

479 1374 529 1432 15.
558 1373 607 1430 16.
632 1364 742 1429 Ladas

480 1481 530 1538 17.
558 1481 607 1538 18.
634 1470 822 1557 Thamyras
1160 1524 1167 1554 ,

480 1587 618 1646 19-21.
637 1579 747 1643 Midas
1060 1591 1080 1648 3
1152 1632 1167 1662 „

371 1703 536 1769 Videmus
569 1704 673 1789 igitur
706 1713 838 1790 poetam
872 1727 1003 1771 summa
1041 1729 1118 1772 cum
1152 1706 1339 1772 subtilitate
1372 1708 1436 1773 hoc
1467 1682 1472 1692 ⁴

266 1811 440 1876 exordium
467 1811 683 1897 expolivisse:
709 1812 852 1898 singulis
878 1812 1008 1898 septeni
1032 1835 1152 1878 versus
1177 1813 1246 1878 dati
1270 1821 1358 1879 sunt.

374 1918 504 2010 Restat,
523 1927 560 1983 ut
576 1919 690 2003 paucis
708 1920 895 1998 ostendam,
913 1920 1082 2005 quomodo
1101 1943 1320 2007 personarum
1336 1929 1436 1987 notae

264 2033 440 2112 tantopere
474 2025 628 2090 turbatae
656 2026 732 2091 sint.
780 2026 845 2092 Vv.
874 2037 958 2094 7-9
990 2036 1127 2114 propter
1159 2027 1296 2092 nimiam
1327 2028 1435 2093 brevi·

264 2141 364 2198 tatem
402 2155 470 2198 non
507 2133 587 2198 satis
622 2133 811 2198 intellectos
847 2157 924 2199 cum
960 2155 1062 2198 versu
1100 2134 1313 2200 antecedenti
1349 2136 1435 2200 male
1496 2143 1499 2150 '

264 2239 479 2304 coniunxisse
507 2240 652 2306 scribam
676 2250 830 2327 apparet;
860 2249 1033 2328 praeterea
1056 2245 1113 2306 sed
1141 2241 1305 2328 particula
1330 2246 1375 2327 (v.
1403 2248 1435 2328 6)

265 2348 424 2412 contrarii
457 2348 581 2435 aliquid
616 2349 658 2414 ab
691 2349 796 2414 altero
830 2357 964 2436 pastore
988 2349 1104 2414 induci
1132 2349 1247 2414 verbis
1270 2371 1389 2415 versus
1415 2359 1434 2416 5

265 2453 457 2541 oppositum
481 2455 715 2521 arbitrabatur.
762 2457 882 2542 Itaque
905 2479 961 2521 vv.
987 2466 1072 2524 6-9
1097 2456 1221 2533 Ladae,
1245 2479 1279 2522 v.
1305 2467 1323 2523 5
1349 2455 1432 2522 Tha-

263 2583 379 2646 myrae
403 2561 529 2626 tribuit.
578 2562 650 2641 Qua
674 2563 928 2649 perturbatione
951 2563 1039 2628 facta
1069 2563 1136 2628 iam
1160 2563 1309 2649 reliquae
1334 2571 1434 2629 notae

264 2690 361 2734 suurn
386 2669 496 2735 locum
521 2677 635 2734 tenere
656 2693 725 2735 non
751 2679 943 2756 potuerunt.

371 2793 536 2860 Carminis
572 2796 825 2882 subsequentis,
859 2795 950 2882 quod
983 2804 1033 2860 est
1067 2796 1108 2860 de
1142 2796 1243 2862 laude
1276 2793 1432 2873 Neronis,

264 2909 375 2988 partes
400 2924 459 2967 sex
484 2911 579 2968 sunt:

468 3029 494 3093 Ι.
518 3029 693 3095 Invocatio
719 3030 859 3095 deorum
883 3031 952 3102 (vv.
977 3034 1131 3107 22-25).

448 3135 493 3198 Π.
519 3135 663 3200 Neronis
688 3159 764 3201 cum
790 3137 841 3201 dis
865 3135 1071 3222 comparatio
1097 3142 1168 3222 (vv.
1193 3138 1347 3220 26-33).

430 3242 493 3307 III.
518 3244 636 3307 Musae
660 3246 728 3325 (vv.
754 3248 907 3328 34-37).

432 3350 492 3416 IV.
519 3350 619 3415 Troia
643 3354 711 3435 (vv.
737 3356 894 3436 38-41).

449 3457 490 3520 V.
516 3459 686 3523 Homerus
710 3461 778 3542 (vv.
804 3463 960 3543 42-47).

432 3564 492 3628 VI.
517 3564 690 3650 Vergilius
715 3569 784 3650 (vv.
809 3575 862 3633 48.
888 3569 955 3651 49).

370 3690 459 3769 Quas
478 3698 591 3777 partes
616 3712 732 3755 omnes
750 3699 849 3777 poeta
867 3691 961 3755 'inter
985 3690 1070 3755 duos
1092 3698 1245 3776 pastores
1263 3688 1434 3754 distribuit

204 3783 207 3789 ¹
262 3798 353 3884 leges
387 3806 523 3862 secutus
556 3797 743 3862 carminum
776 3797 1043 3863 amoebaeorum.
1085 3785 1127 3860 'A
1161 3794 1286 3860 codicis
1320 3803 1433 3861 autem

262 3904 371 3970 scriba
403 3913 503 3971 notae
536 3926 757 3992 personarum
792 3905 990 3991 plerumque
1024 3903 1166 3969 omissae
1191 3911 1285 3981 sunt3
1319 3910 1432 3968 tamen

261 4011 320 4077 ubi
344 4018 487 4091 exstant,
513 4034 574 4078 suo
597 4012 671 4076 loco
696 4020 776 4076 sunt
800 4013 847 4097 (v.
873 4019 915 4078 23
941 4010 1002 4076 Th.
1028 4019 1069 4077 26
1094 4011 1152 4074 La.
1178 4020 1220 4078 36
1245 4011 1330 4094 Tu).

368 4138 452 4202 Pars
480 4136 588 4224 prima
618 4136 867 4204 invocationem
897 4137 1036 4203 deorum
1066 4135 1225 4200 continet.
1279 4137 1310 4200 A
1340 4135 1433 4200 Lada

261 4247 385 4314 Jovem
414 4245 602 4311 adiutorem
631 4245 755 4311 arcessi
784 4245 850 4311 iam
888 4245 1017 4310 dudum
1047 4243 1109 4308 viri
1140 4242 1230 4308 docti
1254 4265 1294 4307 ex
1318 4242 1432 4308 verbis

262 4354 334 4419 eius
364 4361 397 4418 et
421 4375 458 4417 ex
489 4375 522 4416 v.
547 4362 590 4420 20
615 4360 873 4439 perspexerunt.
921 4353 1012 4416 Ante
1041 4373 1072 4416 v.
1099 4359 1140 4417 22
1166 4349 1295 4415 scribae
1318 4349 1430 4435 negle-

261 4460 377 4547 gentia
411 4467 492 4525 nota
528 4460 672 4547 pastoris
706 4459 842 4537 excidit,
877 4480 995 4547 preces
1024 4458 1066 4522 ad
1096 4455 1291 4544 Apollinem
1326 4457 1431 4522 factas

262 4575 351 4633 recte
386 4567 492 4634 codex
531 4566 649 4631 tribuit
681 4567 881 4653 Thamyrae.
940 4566 1051 4630 Huius
1091 4575 1173 4629 sunt
1211 4573 1279 4628 tres
1313 4586 1431 4629 versus

261 4678 428 4761 (aa—25),
459 4674 549 4740 illius
578 4697 666 4738 unus
690 4677 768 4758 (22),
799 4674 888 4760 quod
912 4673 1045 4759 legibus
1075 4695 1177 4759 supra
1207 4671 1305 4738 dictis
1329 4672 1431 4737 refra-

261 4790 376 4868 gatur3
410 4782 539 4851 accedit
573 4782 676 4848 dictio
710 4805 817 4870 aequo
851 4781 1034 4848 obscurior.
1090 4782 1210 4869 Itaque
1245 4787 1335 4847 recte
1366 4780 1432 4846 viri
