3544 5494
784 641 1005 700 ..24-

306 852 340 911 et
356 845 391 910 in
409 846 577 932 georgicis
595 869 695 924 unus,
720 847 755 911 in
771 847 925 912 Aeneide
946 847 1024 924 duo,
1049 847 1084 912 in
1101 848 1262 913 bucolicis
1286 856 1365 927 tres,
1392 851 1482 937 apud

307 953 505 1019 Petronium
539 961 572 1019 et
605 953 724 1019 Silium
758 961 838 1031 tres
871 955 962 1040 apud
996 955 1141 1020 Statium
1175 964 1207 1020 et
1242 954 1402 1021 Ovidium
1433 957 1481 1040 (in

309 1060 651 1147 metamorphosibus)
682 1083 740 1126 sex
764 1061 996 1127 inveniuntur.
1045 1061 1113 1127 Sed
1143 1062 1242 1126 etiam
1268 1062 1482 1149 Calpurnius

308 1190 408 1253 quem
435 1167 564 1232 Lucani
596 1168 769 1254 aequalem
793 1167 900 1233 fuisse
924 1176 1066 1245 constat,
1097 1169 1231 1256 saepius
1256 1170 1339 1234 tales
1362 1192 1482 1235 versus

308 1274 477 1340 adhibuit:
503 1275 538 1339 in
562 1275 718 1340 versibus
736 1275 891 1340 ducentis
915 1297 1037 1340 novem
1055 1276 1155 1340 huius
1180 1276 1227 1340 rei
1252 1278 1405 1363 exempla
1428 1301 1482 1341 ex·

307 1388 382 1447 taut
415 1385 548 1467 (quater
575 1381 610 1446 iu
641 1383 700 1446 eci.
725 1382 753 1458 I,
789 1382 840 1447 bis
864 1382 899 1447 in
923 1383 969 1458 ΙΙ,
1004 1390 1122 1467 quater
1145 1383 1179 1447 in
1204 1383 1269 1460 HI,
1304 1384 1482 1469 quinquies

306 1489 341 1553 in
365 1488 427 1566 IV,
461 1490 564 1555 octies
589 1490 623 1554 in
648 1490 690 1566 V,
725 1490 834 1554 sexies
862 1490 897 1554 in
922 1490 982 1567 VI,
1020 1490 1198 1575 quinquies
1233 1491 1268 1554 in
1297 1491 1366 1555 VII
1398 1492 1483 1556 tales

307 1616 427 1662 versus
452 1596 608 1682 admisit).
657 1598 760 1684 Apud
785 1607 956 1662 auctorem
981 1598 1090 1662 laudis
1107 1597 1240 1662 Pisonis
1265 1620 1306 1660 ex
1327 1597 1482 1662 versibus
1527 1625 1529 1630 ’

309 1703 463 1768 ducentis
493 1726 560 1768 uno
585 1712 618 1768 et
653 1703 829 1789 sexaginta
858 1704 968 1769 exitus
1001 1704 1163 1768 tredecim
1196 1705 1260 1768 hoo
1291 1705 1391 1769 modo
1416 1705 1482 1769 for·

310 1811 487 1896 mantur1).
540 1813 694 1898 Apparet
726 1820 839 1876 autem
873 1811 1048 1876 Lucanum
1081 1813 1143 1876 hos
1177 1833 1338 1876 versuum
1371 1811 1481 1875 exitus

310 1925 488 2003 propterea
504 1917 644 2002 fugisse,
669 1919 758 2004 quod
776 1940 896 1983 versus
918 1942 992 1983 rara
1015 1918 1179 1984 incisione
1195 1918 1308 1983 minus
1333 1917 1483 1983 distincti

310 2022 527 2102 flaccescunt,
553 2025 594 2089 cf.
621 2025 714 2112 Calp.
732 2026 764 2090 V
791 2036 830 2093 10
849 2049 897 2112 sq.

629 2150 696 2214 iam
720 2155 803 2216 certe
823 2156 914 2232 potes
937 2153 1097 2215 insudare
1121 2149 1233 2231 labori,

467 2255 545 2320 Jom
563 2278 626 2338 pro
650 2279 699 2321 me
720 2279 861 2340 paucum
880 2263 972 2339 potos
996 2261 1143 2322 exercete
1165 2257 1340 2328 iuuentam.

469 2362 603 2445 Aspicis
627 2369 666 2428 ut
688 2364 780 2429 nobis
804 2370 894 2429 aetas
917 2365 983 2428 ium
1007 2363 1097 2428 mille
1119 2363 1280 2444 querellas

469 2470 602 2555 Afferat
625 2475 655 2535 ct
678 2471 829 2536 tucidum
852 2476 979 2552 premat
1000 2470 1162 2535 inclinatio
1185 2475 1342 2535 senectus.

416 2595 484 2660 Ubi
516 2617 598 2660 vero
633 2596 721 2681 apud
747 2596 927 2660 Lucanum
960 2594 1193 2672 inveniuntur,
1227 2595 1403 2680 gravitatis
1436 2593 1484 2657 rei

310 2702 498 2790 descriptae
521 2725 621 2767 causa
645 2703 787 2767 adhibiti
812 2725 885 2767 esse
909 2701 1112 2787 videntur2).

416 2828 490 2892 Hac
514 2850 648 2912 quoque
676 2828 711 2893 in
741 2852 777 2892 re
806 2837 922 2894 auctor
951 2829 1138 2893 carminum
1161 2827 1254 2891 Eins.
1281 2827 1381 2912 plane
1405 2849 1482 2892 curn

309 2936 447 3000 Lucano
473 2935 650 2999 consentit.
695 2935 779 3000 Oum
805 2934 895 2998 enim
921 2935 1010 3020 apud
1023 2933 1249 3021 ,Calpurnium
1273 2935 1308 2999 in
1327 2933 1483 2999 omnibus

311 3041 436 3127 eclogis
461 3049 601 3127 excepta
634 3042 738 3106 altera
772 3041 1009 3127 quattuorve]
1042 3042 1139 3128 plura
1169 3042 1322 3128 exempla
1353 3040 1484 3106 inveni·

268 3185 271 3192 ·
311 3157 420 3222 antur,
445 3147 480 3212 in
504 3147 708 3213 carminibus
732 3149 826 3214 Eius.
853 3148 962 3213 exitus
987 3149 1070 3213 tales
1096 3149 1232 3213 omnino
1259 3149 1391 3214 desunt.

418 3274 515 3353 Quod
532 3282 643 3339 autem
661 3275 790 3340 Lucani
809 3297 927 3341 versus
945 3283 1014 3338 tam
1031 3274 1205 3358 eleganter
1223 3274 1391 3350 defluunt,
1415 3296 1484 3339 non

310 3382 422 3447 minus
447 3404 486 3446 ea
510 3405 545 3446 re
570 3382 695 3460 effecit,
721 3384 810 3468 quod
833 3383 939 3446 multo
964 3381 1075 3444 minus
1093 3403 1192 3465 quam
1218 3381 1320 3445 ceteri
1344 3381 1379 3445 in
1404 3381 1483 3446 arsi·

310 3489 374 3554 bus
403 3489 483 3553 inde
507 3512 526 3553 a
549 3489 648 3556 tertia
677 3490 781 3554 verba
805 3493 913 3567 ἄτονα,
942 3487 962 3551 i.
990 3510 1018 3551 e.
1049 3487 1314 3574 praepositiones
1346 3497 1379 3551 et
1407 3510 1484 3552 oon-

311 3597 501 3662 iunctiones
519 3595 779 3680 monosyllabas
804 3603 875 3659 tum
895 3593 1035 3659 relativa
1052 3594 1202 3658 eiusdem
1221 3595 1355 3679 generis
1373 3595 1486 3680 posuit

311 3703 613 3789 (T1·ampep.45).
662 3702 947 3767 Coniunctionum
981 3702 1095 3788 igitur,
1130 3725 1214 3787 quae
1248 3702 1484 3766 coordinantes

310 3820 478 3876 vocantur
505 3816 543 3893 et,
570 3814 702 3894 atqcue),
728 3833 774 3894 oc,
799 3833 866 3893 neo,
891 3813 950 3893 oet,
976 3816 1051 3892 out,·
1073 3813 1139 3892 sed,
1165 3814 1208 3892 ot,
1232 3831 1309 3874 nom
1327 3808 1484 3874 Lucanus

312 3917 396 3984 duas
430 3926 560 3984 tantum
597 3917 725 4002 priores
757 3918 791 3982 in
826 3917 892 3981 arsi
926 3926 955 3982 3.
992 3916 1103 3980 decies
1136 3915 1271 4002 septieS,
1304 3917 1339 3980 in
1364 3917 1430 3980 arsi
1454 3924 1483 3982 4.

311 4025 430 4091 novies
455 4024 618 4090 adhibuit.
667 4025 784 4110 (Apud
810 4017 1031 4109 Calpurnium
1057 4023 1235 4088 duodecim
1260 4023 1413 4109 exempla
1436 4023 1485 4087 in·

311 4132 520 4217 veniuntur.)
574 4131 843 4196 Subordinantes
877 4153 957 4195 vero
991 4130 1246 4196 coniunctiones
1280 4153 1362 4214 cum,
1396 4135 1485 4214 dum,

312 4244 407 4324 praed,
437 4240 475 4322 si,
506 4245 552 4322 ut,
583 4261 633 4321 ne,
663 4261 760 4321 picam
789 4248 823 4302 et
846 4238 1046 4324 pronomina
1077 4238 1217 4304 relativa
1240 4237 1485 4323 monosyllaba,

312 4348 370 4412 ubi
394 4349 428 4411 in
454 4347 520 4410 arsi
544 4347 643 4411 tertia
671 4348 726 4412 vel
756 4355 874 4431 quarta
904 4356 1094 4414 occurrunt.
1125 4368 1258 4432 semper
1285 4346 1357 4409 fere
1381 4346 1486 4409 altera

311 4478 379 4522 vox
396 4454 537 4519 minoris
555 4455 715 4540 ponderis
733 4453 911 4532 antecedit,
936 4454 1031 4519 velut
1048 4454 1106 4536 vel,
1132 4476 1214 4536 crito,
1237 4476 1343 4536 quam,
1368 4454 1398 4518 si
1422 4463 1483 4519 etc.

384 4791 386 4796 ,
419 4743 441 4813 1)
461 4741 503 4796 Of.
523 4742 647 4814 Trampe
666 4761 693 4814 p.
713 4742 827 4796 33-39.

420 4834 441 4903 1Ι)
462 4831 504 4886 Of.
524 4832 648 4904 Trampe
667 4851 694 4904 p.
715 4832 758 4886 39.
