3544 5494
819 518 1096 604 ⁸34⁴,

502 729 548 804 Ia
571 753 707 824 requam
729 733 845 805 aucei?
862 737 987 822 pauida
1010 756 1092 804 acra
1114 731 1274 824 pessimus
1297 759 1406 806 arraa¹

502 845 659 912 Teariraas
683 851 743 911 aat
764 847 919 930 iapatos?
943 846 1045 911 atieai
1062 868 1171 928 poeria
1196 848 1320 912 tiatoris

502 951 547 1018 Iri
570 959 683 1018 austra
706 954 826 1019 cervice
848 957 945 1019 sedet.
970 954 1053 1019 Post
1069 954 1199 1035 praetia
1222 955 1312 1020 uatis

503 1059 541 1125 Si
563 1060 740 1142 dominata,
764 1059 911 1144 fertario,
936 1061 1047 1143 dabat,
1073 1065 1103 1125 et
1125 1061 1208 1126 betta
1232 1061 1384 1127 dedisset.

451 1166 621 1244 Quantum
637 1167 672 1232 hi
689 1190 808 1233 versus
825 1191 844 1232 a
860 1167 945 1233 libro
961 1167 979 1231 I
996 1175 1029 1231 et
1045 1167 1192 1232 carmine
1209 1168 1302 1232 Eine.
1318 1167 1354 1232 II
1370 1167 1514 1233 distant!

449 1275 524 1339 Hoc
539 1274 613 1339 loco
630 1282 729 1361 poeta
746 1274 844 1339 etiam
866 1275 950 1339 illud
968 1281 1114 1347 revocet,
1140 1275 1229 1360 quod
1247 1274 1325 1340 olim
1343 1274 1514 1340 Neronem

341 1403 468 1445 numen
491 1380 547 1446 vel
571 1403 730 1467 praesens
754 1381 810 1446 vel
833 1382 986 1446 futurum
1010 1380 1122 1458 finxit,
1147 1381 1215 1446 VII
1239 1389 1302 1448 455
1328 1403 1388 1466 sq:

769 1488 882 1555 Cladis
907 1494 1013 1553 tamea
1036 1488 1137 1553 haias
1160 1489 1312 1554 tabernas

500 1596 692 1678 Vindictam,
718 1600 874 1677 qaaatara
900 1596 995 1669 terris
1018 1598 1098 1660 darc
1120 1595 1260 1661 artraiaa
1283 1595 1337 1678 fas
1362 1602 1424 1662 est:

500 1703 596 1768 Batia
614 1726 716 1785 pares
737 1704 868 1786 caperis
890 1703 1015 1788 facient
1037 1703 1148 1768 ciuilia
1172 1704 1279 1786 (ἤυσε,-

499 1810 714 1876 Fulminibus
737 1833 849 1876 martes
872 1811 1040 1892 radiisque
1064 1811 1193 1875 ornabit
1217 1815 1247 1874 at
1269 1811 1368 1875 astris

499 1917 607 1998 Irtqae
629 1920 725 1982 dcam
750 1919 878 2000 templis
901 1917 1026 1982 iurabit
1047 1918 1154 1982 Roma
1172 1939 1236 2000 per
1258 1919 1399 1982 aratras.

447 2023 514 2088 Sed
539 2046 666 2090 vesano
690 2025 739 2089 illi
755 2024 960 2111 imperatori,
986 2024 1043 2110 qui
1067 2025 1101 2088 in
1119 2025 1267 2089 carmine
1290 2025 1511 2089 IHomerum

339 2129 568 2217 aequiperare,
602 2131 791 2217 Vergilium
832 2153 991 2218 superare
1023 2131 1174 2209 videtur,
1209 2131 1342 2196 laudern
1378 2153 1512 2216 quoque

339 2237 524 2302 carminum
549 2238 764 2323 laureamque
788 2239 1019 2324 Apollinarem
1049 2238 1226 2304 detrahere
1255 2236 1399 2302 studuit:
1430 2237 1511 2302 an-

339 2366 458 2422 sarem,
493 2343 550 2429 qui
574 2344 688 2409 ruinas
713 2344 832 2409 Troiae
855 2344 946 2422 visit,
981 2343 1173 2430 adloquitur
1203 2354 1237 2409 et
1270 2344 1440 2422 admonet,
1474 2352 1511 2409 ut

336 2451 499 2517 invidiam
523 2452 623 2530 vitet3
654 2474 739 2536 quae
763 2452 867 2517 verba
886 2452 938 2540 ¹ita
961 2476 979 2517 a
1002 2464 1101 2539 poeta
1124 2453 1268 2518 formata
1292 2461 1381 2529 sunt,
1406 2460 1443 2516 ut
1466 2452 1508 2516 ed

336 2560 507 2624 Neronem
531 2582 665 2646 quoque
689 2559 858 2646 pertinere
882 2559 1022 2645 possint.
1060 2558 1150 2625 Nero
1175 2559 1277 2637 enim,
1304 2559 1427 2646 quippe
1452 2557 1509 2642 qui

335 2674 469 2751 praeter
491 2666 634 2732 Halosin
664 2666 717 2730 Ilii
742 2667 874 2751 Τρωϊκὰ
900 2671 961 2752 ἔπη
1002 2690 1135 2752 quoque
1171 2666 1424 2753 composuisset,
1453 2665 1509 2730 illa

335 2773 440 2838 verba
480 2775 523 2838 ad
565 2796 601 2838 se
642 2775 810 2861 pertinere
844 2775 996 2839 arbitrari
1036 2774 1191 2851 debebat,
1232 2796 1321 2859 quae
1363 2772 1507 2858 legimus

335 2879 390 2944 XI
413 2889 477 2948 980
507 2902 571 2966 sq:

499 2988 639 3055 Osacer
664 2993 694 3054 ct
715 3011 855 3072 raapaas
878 2993 989 3053 catara
1014 2989 1112 3069 tabor,
1137 2987 1247 3052 amaia
1270 2985 1338 3068 fata

495 3096 613 3178 Eripis
637 3101 667 3160 et
684 3096 820 3178 papatis
844 3099 947 3166 durias
969 3096 1161 3160 auertatiluts
1185 3117 1308 3160 aeram.

495 3202 632 3269 Inuidia
655 3225 777 3287 sarrae,
804 3201 934 3286 Caesar,
959 3226 1001 3267 rie
1025 3209 1156 3287 taapere
1178 3202 1304 3287 famae·

494 3311 592 3394 Nara,
615 3311 645 3376 si
668 3312 749 3394 qaid
772 3311 882 3376 Latiis
904 3310 958 3395 fas
983 3316 1030 3376 est
1046 3310 1237 3392 promittere
1260 3311 1379 3393 Music,

497 3417 665 3498 Quartam
688 3417 866 3501 Zrapraaei
890 3417 1060 3482 durabant
1081 3417 1166 3482 ratis
1189 3417 1334 3500 tartarea,

493 3525 629 3590 Venturi
651 3547 701 3590 rae
725 3531 816 3607 teque
840 3526 953 3609 tepeat.

443 3631 535 3709 Quae
560 3631 673 3697 omnia
696 3629 729 3696 in
747 3631 917 3697 Neronem
943 3631 1032 3698 dicta
1056 3653 1130 3696 esse
1154 3630 1330 3710 videntur-3
1355 3632 1414 3696 sed
1438 3630 1504 3695 iam

333 3738 379 3804 ita
402 3739 572 3826 pergitur:

974 3846 1155 3912 Pharsalia
1178 3851 1291 3912 austra

492 3952 591 4035 Vivet,
617 3956 647 4016 et
670 3974 689 4018 a
712 3951 804 4018 atillo
830 3953 969 4020 tenebris
992 3953 1222 4020 daraaatriraar
1245 3975 1330 4019 aeva.

439 4059 564 4145 Ampla
594 4059 657 4123 hac
680 4081 718 4123 ac
743 4058 886 4124 solemni
916 4059 1129 4126 adlocutione
1154 4059 1317 4137 Caesarie,
1348 4058 1405 4144 qui
1428 4059 1502 4124 reli·

333 4166 407 4252 quis
436 4166 518 4231 locis
543 4189 562 4230 a
586 4173 684 4252 poeta
708 4166 878 4244 irridetur,
907 4167 1065 4232 Lucanus
1090 4189 1157 4244 eos
1188 4166 1246 4252 qui
1269 4166 1437 4252 legebant,
1467 4166 1502 4230 in

332 4274 422 4338 hunc
447 4295 594 4338 errorem
611 4273 727 4338 induci
742 4273 890 4339 voluisse
915 4272 1059 4339 videtur.
1106 4274 1225 4359 Neque
1242 4273 1331 4338 enirn
1351 4273 1501 4357 intellegi

331 4388 453 4467 potest,
483 4403 543 4445 cur
572 4380 701 4446 Lucani
729 4381 903 4445 Pharsalia
933 4381 968 4446 O.
993 4381 1086 4447 Iulio
1112 4380 1246 4445 Caesari
1274 4380 1423 4446 invidiae
1447 4380 1499 4445 sit.

437 4487 524 4553 Aliis
551 4488 633 4553 loeis
663 4497 775 4575 poeta.
789 4488 1016 4575 praesentium
1046 4496 1234 4574 temporum
1264 4487 1404 4553 crimina
1428 4511 1500 4574 per·

331 4593 477 4681 stringit,
502 4596 596 4662 velut
611 4595 662 4662 IV
679 4606 753 4675 373,
779 4596 837 4661 ubi
858 4595 1007 4681 graviter
1024 4595 1058 4659 in
1075 4596 1192 4660 luxum
1216 4596 1398 4674 invehitur,
1423 4617 1501 4660 cum

329 4701 361 4770 V
387 4710 449 4772 527
476 4711 509 4769 et
533 4702 619 4768 VIII
642 4711 705 4772 242
731 4710 962 4790 paupertatem
987 4701 1143 4767 laudibus
1167 4703 1297 4768 efferat.
