3544 5494
738 641 959 700 ...37-

264 846 385 930 Itaque
409 845 443 910 in
468 869 500 911 v.
522 857 560 914 13
585 849 721 914 velimus
744 855 772 914 et
795 870 905 933 neque
926 870 1002 914 cum
1019 849 1162 936 Hageno
1182 851 1219 916 111
1235 855 1290 920 lla
1307 854 1436 939 thymus

263 973 373 1036 neque
403 974 479 1017 cum
504 953 713 1019 Buechelero
736 954 771 1018 in
798 955 917 1020 Ulmus
941 956 1030 1021 01111
1059 958 1259 1023 mutandum
1284 968 1345 1038 001,
1374 961 1434 1026 sad

262 1058 415 1124 Venimus
440 1065 471 1124 el
496 1060 712 1126 scribendum
737 1083 811 1126 esse
836 1061 988 1127 arbitror.
1035 1064 1121 1130 Inde
1150 1066 1302 1150 sequitur
1322 1090 1354 1132 v.
1382 1077 1433 1146 12,

264 1166 321 1250 qui
344 1177 435 1230 caret
459 1167 620 1245 subiecto,
644 1168 741 1234 aliter
764 1169 954 1235 sanandum
977 1193 1061 1236 0000.
1095 1173 1180 1237 Mihi
1204 1173 1340 1258 quidem
1364 1190 1434 1239 cor·

264 1282 397 1338 rectura
431 1274 590 1339 facillima
626 1297 699 1340 esse
730 1276 875 1354 videtur,
916 1277 944 1342 si
980 1301 1039 1364 pro
1080 1281 1218 1346 tremule
1257 1281 1434 1347 scribimus

266 1384 434 1448 tremulus.
481 1383 657 1450 Tremulus
680 1384 770 1449 enim
795 1407 904 1471 genus
929 1385 1058 1451 arboris
1075 1388 1238 1474 populeae
1255 1397 1306 1452 est
1323 1389 1434 1475 appel·

263 1490 369 1556 latum
393 1514 412 1555 a
439 1491 597 1556 foliorum
625 1500 780 1557 tremore.
829 1493 926 1571 Quod
955 1493 1156 1559 vocabulum
1186 1494 1316 1560 etiamsi
1343 1496 1434 1583 apud

263 1598 443 1685 scriptores
472 1622 541 1664 non
570 1607 742 1664 servatum
771 1608 832 1678 001,
863 1607 978 1665 tamen
1004 1601 1040 1665 in
1064 1623 1129 1666 usu
1156 1601 1261 1666 fuisse
1285 1625 1327 1665 ex
1351 1624 1434 1668 voce

265 1706 395 1771 1101111111
409 1705 709 1792 Francogallorum
728 1707 846 1771 elucet.
877 1707 945 1772 Sed
963 1707 1106 1773 fortasse
1122 1707 1207 1773 nihil
1223 1709 1433 1788 mutandum,
1471 1699 1475 1706 ’

264 1814 324 1877 sed
348 1812 433 1878 illud
459 1813 551 1893 Quae
565 1813 695 1898 speryit
708 1836 816 1880 remos
834 1836 895 1901 pro
917 1814 1068 1881 subiecto
1092 1818 1146 1898 (=
1166 1815 1277 1902 arbor)
1301 1838 1435 1881 sumen·

264 1922 344 1986 dum
369 1935 428 1986 001.

370 2064 535 2130 Videmus
568 2064 673 2150 igitur
705 2066 770 2130 hoc
803 2065 977 2131 exordium
1012 2089 1031 2131 a
1064 2073 1163 2152 poeta
1196 2088 1327 2131 summa
1357 2087 1434 2131 eum

264 2171 440 2258 diligentia
464 2172 645 2237 dramatice
670 2170 893 2258 compositum
919 2194 1002 2238 esse.
1050 2173 1262 2260 Glyceranus
1286 2175 1434 2260 Mystem

263 2302 433 2346 morosum
470 2288 503 2344 et
538 2279 743 2345 taciturnum
778 2279 967 2366 interrogat
999 2288 1099 2366 atque
1134 2288 1366 2368 percontatur;
1401 2287 1436 2344 11

263 2387 366 2451 0011101
389 2386 579 2473 iterumque
603 2387 727 2452 rustico
752 2388 824 2452 fere
849 2388 949 2452 modo
979 2387 1163 2474 repellitur.
1209 2389 1329 2474 Neque
1353 2409 1434 2454 vero

264 2492 405 2570 desistit,
435 2495 494 2558 sed
524 2494 631 2579 magis
658 2493 832 2579 magisque
861 2494 975 2572 instat,
1007 2495 1116 2560 donec
1139 2494 1195 2560 ille
1219 2494 1283 2561 sibi
1307 2502 1435 2559 secreta

264 2602 400 2665 revelet.
447 2601 592 2686 Utrique
624 2610 735 2665 autem
768 2623 933 2687 personae
966 2601 1056 2666 idem
1089 2624 1250 2668 versuum
1272 2621 1434 2667 numerus

263 2708 430 2772 tribuitur.
478 2707 631 2772 Primum
667 2716 808 2792 uterque
844 2707 895 2772 bis
932 2707 1108 2773 dimidium
1145 2731 1283 2776 versum
1318 2707 1436 2773 recitat

264 2819 333 2899 (vv.
355 2827 371 2884 l
395 2820 492 2901 014),
522 2814 645 2879 deinde
676 2814 805 2880 dimidii
828 2837 949 2880 versus
973 2837 1012 2880 eo
1038 2815 1156 2880 ordine
1183 2823 1367 2902 ponuntur,
1397 2823 1436 2880 ut

263 2923 396 3008 Mystes
419 2923 525 2988 verba
548 2944 584 2986 se
614 2919 865 3007 subsequantur
888 2921 1072 3009 Glycerani
1101 2922 1276 2988 sententiis
1305 2923 1436 2988 inclusa

264 3035 333 3113 (vv.
352 3041 381 3098 5.
400 3033 456 3114 6.).
503 3030 590 3095 Tum
616 3030 667 3094 bis
692 3029 846 3115 singulos
870 3051 989 3094 versus
1013 3029 1192 3116 proferunt
1215 3033 1320 3114 (11.7
1347 3037 1434 3108 019,

264 3147 283 3204 8
308 3145 342 3201 01
367 3141 432 3222 10),
458 3137 604 3222 denique
628 3137 763 3222 utrique
788 3136 859 3201 bini
882 3159 1001 3201 versus
1027 3138 1151 3202 dantur
1171 3140 1239 3220 (vv.
1260 3146 1309 3204 ll.
1337 3145 1377 3203 12
1402 3143 1436 3201 01

266 3253 316 3311 13.
336 3248 410 3330 11).
464 3243 505 3308 V.
526 3253 541 3310 1
571 3243 663 3330 prior
684 3243 896 3327 Glyceranus
920 3243 1067 3328 Mystam
1085 3244 1287 3329 adloquitur,
1304 3244 1435 3329 Mystes

264 3351 460 3438 respondet3
497 3351 553 3437 qui
590 3351 672 3416 ordo
709 3350 835 3436 optime
869 3350 902 3414 in
932 3373 988 3415 vv.
1013 3360 1032 3417 5
1058 3359 1134 3416 016
1163 3359 1321 3429 mutatur,
1358 3373 1434 3416 eum

265 3467 381 3545 postea
413 3480 551 3523 necesse
585 3458 628 3522 sit
654 3459 802 3544 Mystam
837 3457 982 3544 primum
1014 3480 1111 3523 curas
1145 3478 1222 3522 suas
1255 3480 1434 3544 exponere,

264 3565 386 3651 quibus
403 3565 571 3652 perceptis
588 3565 802 3653 Glyceranus
820 3588 897 3629 eum
914 3565 1116 3629 consolatur.
1154 3564 1305 3630 Moribus
1322 3572 1434 3630 autem

264 3696 484 3760 personarum
509 3673 608 3737 etiam
632 3671 770 3738 nomina
794 3673 953 3758 adaptata
976 3693 1050 3736 esse
1076 3671 1186 3758 quivis
1210 3672 1313 3738 videt.

369 3817 470 3882 Nunc
486 3816 528 3882 111
551 3816 690 3881 alteram
710 3815 812 3880 huius
835 3814 993 3880 carminis
1010 3822 1150 3901 partem,
1168 3837 1252 3901 quae
1270 3836 1435 3880 summam

265 3923 510 4010 complectitur,
535 3922 684 3988 animum
706 3922 930 3988 attendamus.
971 3921 1044 4000 Qua
1059 3921 1094 3988 in
1112 3931 1206 4008 parte
1227 3928 1318 3987 aetas
1335 3943 1436 3988 aurea

264 4032 300 4097 in
315 4031 461 4097 Neronis
484 4030 662 4117 imperium
681 4051 817 4096 reversa
837 4029 994 4094 laudibus
1012 4028 1164 4094 effertur.
1212 4029 1336 4094 Omnes
1353 4050 1435 4094 vero

265 4137 411 4203 editores
433 4137 559 4203 codicis
584 4136 817 4202 auctoritatem
841 4135 948 4201 secuti
968 4137 1029 4201 hos
1054 4157 1174 4200 versus
1192 4135 1250 4200 uni
1270 4157 1435 4222 personae

264 4246 425 4332 (Mystae)
455 4245 692 4323 attribuerunt,
722 4267 924 4330 quamquam
949 4267 990 4309 ex
1018 4243 1164 4310 auctoris
1192 4243 1298 4330 ipsius
1322 4244 1446 4309 verbis

265 4353 364 4440 signa
387 4360 503 4439 aperta
525 4352 651 4438 dialogi
674 4351 787 4437 colligi
810 4359 961 4438 possunt.
1007 4352 1098 4416 Illud
1121 4350 1275 4438 inprimis
1292 4351 1435 4436 Hageno

265 4468 401 4526 auctore
425 4460 587 4524 effectum
611 4466 673 4537 001,
698 4458 856 4544 quicum
880 4458 1009 4544 primus
1034 4481 1168 4524 carmen
1193 4458 1318 4536 ederet,
1343 4481 1374 4524 v.
1393 4468 1435 4526 23

264 4568 299 4632 in
324 4567 439 4633 codice
464 4574 659 4654 corruptum
695 4567 781 4632 falso
806 4565 1009 4631 emendavit.
1056 4566 1109 4632 Ita
1138 4565 1266 4631 factum
1302 4572 1362 4643 est,
1398 4572 1437 4630 111

264 4674 416 4762 plerique
449 4674 594 4740 editores
628 4696 763 4739 carmen
798 4674 995 4738 lacunosum
1027 4694 1101 4738 esse
1137 4681 1325 4752 censerent,
1359 4694 1435 4738 cum

265 4781 448 4874 Glyceram
472 4803 671 4872 responsum
696 4781 936 4847 desiderarent.
