3544 5494
805 557 1026 616 ...12-

328 774 397 833 tam
433 766 528 833 brevi
561 765 670 853 spatio
699 764 865 831 conscribi
896 763 1076 850 potuerint,
1098 787 1182 830 cum
1211 763 1295 850 prid.
1321 765 1500 831 Kalliai.

328 875 409 940 anni
433 885 474 943 65
498 873 565 939 iarn
582 873 653 938 vita
676 872 867 950 excesserit,
892 872 1109 938 etiamsinon
1132 895 1238 958 pauca
1260 873 1327 938 alia
1343 874 1502 952 carmina,

332 1005 418 1068 quae
442 981 494 1048 his
518 981 644 1046 ultimis
669 978 766 1046 annis
790 979 1040 1057 adscribuntur,
1064 1002 1132 1045 non
1158 979 1349 1065 premimus.

435 1090 555 1175 Itaque
584 1096 621 1154 ut
648 1089 714 1154 iam
743 1109 909 1152 summam
938 1087 1215 1174 complectamur:
1245 1087 1386 1154 eodem
1415 1088 1503 1153 fere

329 1205 524 1284 tempore,
543 1219 618 1282 quo
635 1197 821 1260 Lucanus
837 1196 1036 1260 Neronem
1053 1194 1244 1273 laudibus
1261 1194 1503 1270 celebravit,

328 1306 349 1370 i.
375 1328 402 1370 e.
428 1327 530 1370 anno
556 1313 608 1381 60,
643 1302 877 1368 Pharsaliae
910 1301 1005 1367 libri
1032 1302 1086 1366 ΙΙΙ
1123 1301 1277 1388 priores
1305 1301 1346 1366 in
1374 1302 1503 1367 lucem

330 1412 577 1500 prodierunt.

436 1511 500 1584 His
524 1518 563 1582 in'
583 1517 677 1582 libris
708 1539 774 1583 uno
799 1517 873 1582 loco
902 1523 1093 1602 temporum
1125 1505 1353 1603 praeseritium
1378 1516 1504 1583 mentio

331 1627 387 1692 fit:
422 1627 606 1702 Ias-266,
640 1647 706 1710 quo
744 1631 842 1711 poeta
877 1647 1012 1689 carmen
1048 1646 1146 1689 suum
1179 1623 1374 1710 imperatori
1410 1625 1505 1710 quasi

332 1734 475 1800 dedicat.
527 1733 678 1798 Primum
712 1740 820 1819 poeta,
858 1739 1036 1817 postquam
1071 1731 1261 1818 descripsit,
1297 1739 1505 1818 quantopere

332 1841 440 1928 patria
464 1840 560 1907 bellis
584 1839 740 1904 civilibus
765 1845 896 1904 vastata
913 1837 966 1916 sit,
990 1837 1136 1902 Neronis
1160 1837 1339 1924 imperium
1355 1838 1504 1902 faustum

331 1947 397 2013 illis
421 1947 630 2034 temporibus
655 1946 796 2033 opponit
816 1949 886 2028 (vv.
901 1949 1075 2030 24—45a)‚
1095 1945 1217 2010 deinde
1233 1944 1402 2010 Neronem
1421 1957 1506 2010 mor·-

331 2065 428 2121 tuum
456 2055 580 2121 Jovera
610 2055 665 2120 vel
695 2053 805 2140 potius
834 2053 1010 2120 Phoebum
1045 2052 1133 2116 Solis
1167 2073 1302 2116 curram
1332 2060 1505 2136 regentem

333 2164 407 2228 fore
431 2162 607 2227 contendit
629 2183 781 2246 quaeque
804 2159 885 2224 inde
908 2159 1035 2225 oritura
1058 2158 1127 2222 sint
1151 2158 1239 2222 bona
1255 2157 1410 2244 depingit
1433 2161 1504 2240 (vv.

221 2260 225 2268 ¹
334 2271 513 2352 45b—66).
566 2269 685 2355 Neque
720 2267 853 2333 silentio
888 2267 1172 2353 praetereundum
1208 2267 1293 2351 est¹)
1329 2275 1506 2352 utramque

334 2384 463 2465 partem
488 2378 634 2443 eundem
659 2399 820 2442 versuum
845 2398 1023 2440 numerum
1047 2375 1230 2452 continere,
1256 2383 1336 2440 sunt
1359 2375 1449 2440 enirn
1474 2383 1507 2438 et

333 2485 388 2551 hio
411 2493 445 2550 et
467 2485 535 2551 illic
559 2485 682 2570 viginti
706 2506 794 2549 unus
819 2492 851 2548 et
877 2483 1047 2548 dimidius,

442 2591 550 2657 Simili
583 2592 688 2677 igitur
724 2592 824 2657 modo
848 2592 1007 2656 Lucanus
1035 2589 1165 2654 Neroni
1201 2589 1373 2655 blanditur
1408 2596 1508 2674 atque

335 2698 522 2765 carminum
535 2699 802 2764 Elinsidlensium
819 2706 951 2776 auctor;
969 2699 1059 2784 quod
1078 2721 1143 2783 quo
1157 2697 1306 2784 apertius
1320 2697 1507 2781 detegatur,

334 2806 463 2872 Lucani
486 2807 577 2872 locos
601 2806 802 2872 exscribam:
827 2808 845 2870 Ι
868 2815 911 2873 24
928 2829 977 2891 sq.

556 2914 603 2980 At
625 2937 714 2980 6660
737 2913 903 2980 semirutis
921 2915 1070 2995 peudeat
1093 2915 1178 2994 quod
1201 2911 1328 2976 raoeaia
1353 2912 1443 2976 tectis

495 3032 537 3090 25
555 3022 696 3088 Urbibus
718 3021 841 3086 Italiae
865 3019 1031 3101 lapsisque
1054 3018 1201 3103 iuqeatia
1224 3018 1330 3083 rauris

555 3130 648 3196 Saea
671 3129 780 3195 iaceat
801 3128 957 3210 auitoque
980 3129 1095 3192 doraus
1119 3129 1250 3191 custode
1274 3130 1401 3190 teaetur

535 3238 670 3303 'Bareas
695 3242 725 3302 et
748 3236 894 3317 autiquis
917 3235 1080 3300 dubitator
1102 3234 1139 3299 iu
1162 3234 1298 3299 urbibus
1323 3238 1419 3314 errat,

557 3345 707 3410 Horrida
731 3347 816 3426 quod
832 3341 942 3407 durais
965 3343 1146 3421 multasque
1169 3341 1302 3405 inarata
1320 3361 1384 3421 per
1407 3361 1511 3404 aauos

555 3453 720 3535 Hesperia
744 3458 792 3517 est
813 3454 995 3532 desuntque
1017 3469 1136 3514 uaaus
1156 3447 1364 3533 poseeatibas
1388 3446 1486 3528 eruic,

497 3571 539 3628 30
556 3562 633 3626 Nou
658 3566 704 3643 tu,
733 3560 863 3645 qurbe
884 3557 989 3641 feros,
1018 3579 1077 3623 aee
1102 3557 1203 3622 taatis
1227 3556 1374 3621 cladibus
1399 3557 1512 3618 auctor

556 3669 690 3734 Poeaus
715 3667 792 3749 erit·
816 3667 904 3732 uuili
923 3666 1060 3749 pertitus
1084 3666 1275 3730 desceadere
1297 3660 1385 3744 ferro

559 3774 719 3860 Cautiqit:
743 3776 811 3840 atta
834 3777 947 3838 sedeat
970 3773 1076 3838 ciuilis
1099 3772 1232 3836 vaiacra
1255 3772 1400 3834 destrae.

560 3883 684 3964 Quodsi
706 3899 773 3947 606
797 3882 897 3947 aliaue
920 3886 1056 3945 reaturo
1079 3879 1151 3962 fata
1175 3875 1301 3940 Neroui

556 3991 717 4056 Iaaeuere
740 3988 827 4055 aiam
850 4008 1030 4072 raaquoque
1053 3991 1186 4051 aeterua
1204 3987 1375 4066 parcatur

497 4109 538 4166 35
559 4101 677 4183 Ecqua
700 4099 780 4180 deis,
805 4096 993 4176 caeturaque
1015 4116 1074 4159 suo
1098 4092 1220 4157 seruire
1242 4090 1386 4156 Touauti

559 4206 637 4272 Noa
659 4205 728 4271 uisi
749 4225 919 4270 saeuorum
938 4201 1050 4286 potuit
1067 4204 1144 4283 post
1167 4200 1249 4265 bella
1271 4198 1452 4282 qiqauturu,

558 4313 633 4378 Iam
648 4312 743 4395 uiuit,
761 4334 778 4377 o
794 4309 917 4393 superi,
934 4309 1103 4390 querimur
1107 4329 1119 4389 ;
1141 4307 1263 4393 seelera
1278 4305 1343 4370 ista
1358 4300 1516 4384 nefasque

559 4421 635 4486 Hae
658 4423 801 4486 mercede
820 4419 971 4501 placeat·
994 4417 1083 4481 diras
1107 4413 1288 4480 Pharsalia
1312 4431 1440 4492 campos

558 4528 695 4611 Iapleat
718 4533 748 4593 et
770 4525 876 4593 Poeai
898 4528 1092 4590 satureatur
1114 4519 1277 4605 suaquiae
1300 4538 1428 4599 aaaues;

497 4636 687 4703 scutatae
710 4634 845 4718 fuaesta
869 4636 1069 4698 eoueurraat
1086 4627 1215 4713 proelia
1239 4625 1388 4707 Muada;

350 4748 563 4758 m...—

447 4783 470 4853 1)
490 4779 533 4835 Oi.
553 4797 615 4854 cap.
627 4779 682 4834 111.
