3544 5494
776 540 997 605 *312-

272 755 341 818 tare
365 751 455 834 equis
478 751 603 837 rapiam
630 755 660 818 et
682 753 828 834 antiquis
857 753 994 819 danitas
1022 752 1209 836 factitatum
1238 754 1443 838 memorabat,

270 861 368 941 ielaae
390 865 501 924 catara
526 861 680 925 laaelilras
701 861 821 926 celebre
837 866 868 924 et
882 864 1015 926 deorum
1037 861 1152 926 inauri
1168 864 1292 926 datam.
1329 862 1444 928 Eaira-

270 990 343 1033 aera
368 973 485 1032 coatras
501 966 652 1049 Apollini
675 987 793 1048 sacros,
821 967 942 1048 talique
965 973 1085 1032 ornata
1109 971 1241 1062 adstare
1263 992 1330 1034 aaa
1352 973 1444 1035 raeda

272 1063 405 1140 Graecis
433 1073 470 1137 ia
497 1074 633 1138 urbibus
665 1076 722 1138 secl
750 1073 902 1138 Romaaa
931 1077 1024 1155 apati
1053 1075 1172 1156 templa
1199 1097 1321 1141 caraea
1348 1099 1445 1159 prae-

272 1181 404 1263 cipuam
429 1186 459 1245 et
476 1181 674 1263 praesciam.
716 1180 782 1245 Sed
808 1203 850 1245 ne
871 1181 906 1244 in
931 1203 1086 1247 scaenam
1112 1183 1281 1268 publicam
1307 1186 1444 1250 descen·

272 1290 376 1363 deret,
407 1268 616 1353 stadium'in
646 1290 735 1353 valle
760 1289 923 1354 Vaticana
953 1299 986 1354 et
1014 1291 1182 1355 theatrum
1213 1292 1381 1377 peculiare
1410 1292 1443 1356 in

272 1396 377 1461 hortis
401 1405 495 1460 trans
521 1395 669 1460 Tiberim
695 1396 767 1460 sitis
792 1405 1000 1462 exstructum
1026 1397 1056 1461 ei
1081 1407 1142 1474 est,
1167 1398 1225 1464 ubi
1250 1421 1350 1464 omne
1373 1400 1445 1463 fere

271 1512 404 1589 tempus
429 1525 505 1568 eum
530 1503 713 1568 amicorum
739 1505 876 1568 cohorte
900 1503 972 1590 ipse
997 1514 1030 1569 et
1054 1505 1213 1590 aurigans
1238 1514 1271 1569 et
1295 1506 1445 1572 carmina

272 1611 457 1676 decantans
488 1613 643 1697 degebat.
691 1613 794 1677 Anno
819 1621 931 1676 autem
956 1621 998 1679 60
1023 1636 1089 1678 non
1115 1614 1180 1678 iam
1206 1635 1242 1677 se
1266 1614 1443 1692 continuit,

271 1719 352 1804 quin
378 1719 623 1804 quinquennali
648 1719 777 1784 ludicro
802 1719 957 1784 instituto
979 1719 1109 1784 Romae
1132 1721 1205 1806 ipse
1229 1721 1263 1785 in
1289 1744 1444 1787 scaenam

271 1827 465 1912 prodir·et¹).
496 1826 586 1911 quod
615 1826 729 1890 nullus
759 1834 838 1890 ante
861 1849 938 1890 eum
961 1825 1144 1913 imperator
1167 1849 1270 1894 ausus
1295 1837 1355 1892 est.
1403 1829 1444 1892 In

272 1936 336 1998 hoc
360 1943 473 1998 autem
498 1932 691 2008 certamine,
718 1933 843 1997 utiam
868 1954 971 2018 supra
987 1933 1145 2012 vidimus
1171 1958 1190 1998 a
1213 1935 1351 2001 Lucano
1376 1935 1444 2000 lau·

272 2043 371 2107 dibus
396 2042 585 2106 celebratas
610 2051 670 2106 est.

379 2185 466 2264 Quid
488 2194 599 2250 autem
618 2185 777 2249 Lucanus
799 2183 850 2248 his
867 2184 1072 2250 carminibus
1089 2185 1124 2249 in
1142 2184 1278 2250 Nerone
1299 2185 1445 2252 maxime

272 2293 397 2357 efferre
423 2293 554 2379 potuit?
587 2293 716 2358 Eodem
733 2314 822 2356 anno
847 2291 881 2355 in
900 2292 1093 2356 Pharsaliae
1111 2293 1281 2378 prooemio
1298 2293 1444 2380 primum

270 2400 460 2466 Neroneum
486 2409 629 2465 aetatem
646 2400 711 2464 nisi
729 2399 880 2464 cladibus
899 2398 977 2463 belli
1001 2399 1091 2464 civili
1115 2400 1261 2486 acceptis
1278 2422 1441 2486 apparere

204 2555 210 2570 .
270 2531 340 2574 non
368 2509 519 2595 potuisse
548 2507 647 2585 canit,
678 2507 801 2572 deinde
830 2506 999 2571 Neronem
1029 2529 1106 2571 cum
1130 2507 1219 2572 Jove
1248 2507 1304 2572 vel
1332 2507 1444 2594 potius

270 2617 409 2681 Phoebo
432 2616 520 2681 Solis
545 2615 659 2681 currui
683 2615 861 2679 insistente
885 2623 1066 2700 comparat.
1114 2614 1236 2679 Nonne
1261 2615 1366 2679 verba
1387 2614 1445 2679 illa

272 2722 425 2788 Suetonii
448 2725 526 2805 qaia
550 2722 737 2805 Apollinem
761 2727 870 2803 canta,
895 2722 1000 2787 Solem
1025 2723 1209 2806 aariaaada
1234 2722 1445 2803 aequiperare

272 2831 516 2896 existimaretur
544 2831 691 2895 dilucide
716 2830 961 2907 demonstrant,
993 2852 1092 2915 quam
1121 2837 1191 2894 arte
1215 2829 1389 2894 Pharsalia
1412 2839 1445 2894 et

271 2939 419 3003 carmina
431 2938 660 3003 Einsidlensia
677 2959 766 3002 anno
784 2946 826 3003 60
843 2937 969 3022 optime
986 2937 1209 3022 congruentia
1225 2933 1445 3002 cohaereant‘.l

269 3047 359 3112 Num
389 3069 470 3112 vero
502 3045 669 3131 quispiam
698 3046 814 3110 credet
837 3045 1012 3108 Lucanum
1044 3045 1186 3109 alterum
1217 3043 1281 3109 sibi
1310 3052 1443 3130 poetam

269 3153 470 3219 imitandum
496 3148 737 3239 proposuisse?
783 3152 938 3235 Eumque
967 3150 1055 3215 forte
1080 3151 1180 3215 etiam
1206 3150 1356 3215 Stoicum
1381 3173 1445 3216 nec

270 3285 340 3326 non
365 3261 552 3326 earundem
580 3260 694 3345 legum
720 3259 934 3323 metricorum
958 3265 1157 3322 sectatorem
1188 3257 1444 3322 observantissi-

270 3391 362 3434 mum
387 3363 548 3454 fuisse²)‘l
572 3367 695 3433 Credat
712 3366 735 3431 J
739 3366 866 3430 adaeus
883 3365 1013 3450 Apella.
1032 3365 1191 3428 Lucanus
1208 3386 1277 3429 non
1301 3365 1443 3429 alterum

272 3484 404 3562 poetam
430 3476 489 3540 sed
515 3498 551 3540 se
568 3475 678 3561 ipsum
703 3474 853 3538 imitatus
871 3479 923 3536 est
945 3473 1000 3536 vel
1020 3471 1141 3557 potius,
1167 3472 1258 3556 quod
1275 3471 1443 3548 omiserat,

270 3584 305 3647 in
321 3583 496 3649 Pharsalia
512 3581 698 3667 supplevit3
723 3581 872 3645 carmina
895 3579 1001 3664 igitur
1018 3577 1246 3642 Einsidlensia
1270 3577 1342 3642 eius
1364 3586 1443 3642 sunt

270 3690 387 3756 laudes
412 3690 601 3775 Ne1·onis³).

271 3893 482 3900 *-

377 4016 399 4085 1)
419 4013 462 4067 cf.
482 4013 548 4067 Tae.
569 4030 635 4066 ann.
649 4011 720 4068 XIV
733 4011 775 4064 21.
807 4009 886 4064 Suet.
906 4008 973 4063 Ner.
987 4009 1029 4064 21.

378 4106 400 4175 l)
419 4103 553 4157 Eundem
580 4104 668 4157 etiam
693 4100 816 4155 similem
835 4101 864 4152 in
889 4099 1009 4152 modum
1032 4100 1121 4152 nimia
1140 4116 1207 4152 cum
1224 4116 1292 4152 eura
1312 4098 1443 4168 singulas

269 4201 366 4266 partes
385 4193 515 4247 todidem
532 4193 665 4246 versibus
685 4192 851 4245 exaravisse
870 4189 945 4242 inira
964 4189 993 4240 in
1014 4206 1074 4258 cap.
1094 4189 1140 4241 III
1160 4187 1340 4242 ostendetur.

376 4285 399 4355 ³)
419 4284 538 4348 Hosius,
572 4298 747 4353 quamquam
778 4296 909 4333 summae
940 4295 1022 4332 meae
1053 4278 1315 4348 argumentationis
1346 4278 1442 4332 minus

270 4373 415 4439 redamus,
435 4379 533 4426 tamen
546 4373 602 4425 hoc
621 4372 695 4436 loco,
714 4368 792 4440 quod
805 4386 916 4421 novum
930 4371 1136 4439 argumentum
1149 4366 1241 4420 videri
1253 4367 1354 4437 possit,
1373 4367 1443 4419 mihi

270 4463 399 4517 donavit.
412 4461 608 4532 11301egimus
619 4463 749 4532 tardoque
760 4479 827 4531 puer
837 4461 1003 4526 domisaetra
1014 4465 1116 4515 aratro.
1123 4456 1251 4512 Verbum
1262 4459 1442 4528 comisatum

271 4571 330 4607 non
353 4553 503 4607 invenitur
521 4551 577 4605 nisi
596 4551 651 4604 hoc
670 4550 735 4602 loco
756 4548 834 4602 etin
855 4546 956 4601 eadem
979 4547 1135 4600 verborum
1157 4546 1343 4616 copulatione
1365 4544 1442 4616 apud

270 4645 440 4697 Petronium
452 4643 486 4696 99
499 4650 594 4699 aratro
607 4644 761 4711 domefacta
774 4642 860 4696 tellas.
880 4637 1050 4692 Petronium
1064 4641 1165 4689 eontra
1175 4635 1287 4690 Lucani
1299 4635 1442 4688 rationem

272 4733 382 4805 epicam
402 4732 580 4802 pugnavisse
598 4731 705 4784 scimus
725 4728 802 4782 illius
818 4727 915 4780 verbis
934 4726 1145 4794 sententiisque
1163 4741 1249 4780 usum
1263 4730 1293 4780 et
1305 4725 1442 4788 abusum
