3544 5494
783 653 1002 712 ...21-

412 858 554 945 Saepius
580 860 670 946 apud
694 861 869 924 Lucanum
894 860 1137 926 adiectivorum
1167 883 1248 925 usus
1274 859 1479 947 proleptious

304 966 460 1044 ooourrit,
486 967 581 1031 ouius
606 967 760 1053 exempla
783 967 818 1031 in
843 989 944 1032 oarm.
969 968 1063 1032 Eius.
1088 969 1171 1033 haeo
1195 975 1276 1033 sunt

409 1073 469 1139 I'5
677 1076 759 1141 artis
773 1076 903 1158 fiducia
926 1082 1017 1141 mutu
1041 1082 1085 1141 est

373 1180 410 1244 II
434 1189 476 1246 36
608 1183 734 1248 ratibus
758 1183 834 1248 tutis
856 1189 929 1264 seru
952 1205 1022 1249 uou
1046 1184 1202 1249 irascitur
1224 1185 1326 1250 reuda.

304 1286 455 1365 Quocum
479 1287 521 1351 of.
547 1288 627 1351 Luc.
646 1287 697 1352 VI
721 1296 785 1354 829

498 1395 587 1460 Duru
609 1396 737 1471 ferrent
760 1403 843 1462 tutos
867 1399 959 1462 iutra
984 1399 1124 1463 tentorio
1146 1419 1274 1481 pressus

303 1502 350 1584 (et
374 1508 506 1588 praeter
530 1501 683 1588 exempla
707 1502 749 1566 ab
774 1502 908 1566 Oberm.
933 1525 964 1589 p.
991 1511 1034 1569 20
1058 1503 1158 1567 allata
1181 1504 1199 1567 Ι
1223 1512 1264 1570 57

785 1610 915 1675 Librati
932 1612 1085 1692 pondera
1110 1612 1191 1677 caeli

466 1699 548 1763 Orbe
571 1705 642 1764 true
665 1701 792 1782 medio).

412 1805 508 1882 Quod
542 1805 585 1870 ad
619 1805 818 1890 negationes
852 1805 1013 1892 pertinet,
1047 1806 1206 1870 Luoanus
1239 1827 1373 1891 semper
1406 1807 1478 1870 fere

303 1919 381 1975 ante
398 1911 560 1977 adverbia
582 1914 673 1979 haud
690 1913 852 1998 particula
868 1934 950 1977 usus
975 1921 1035 1990 est,
1061 1935 1206 1999 quoonm
1232 1913 1478 1978 conferendum

303 2027 355 2083 est
378 2041 478 2083 oarm.
507 2019 597 2082 Eius
621 2019 640 2082 Ι
664 2027 705 2085 48
735 2021 826 2086 harad
843 2021 961 2104 procul
985 2020 1027 2084 of.
1053 2021 1133 2085 Luo.
1159 2020 1214 2083 III
1238 2029 1302 2086 375
1329 2020 1389 2104 (ita
1411 2020 1478 2084 iam

304 2125 402 2190 Ovid.
429 2133 506 2190 met.
525 2125 557 2190 V
575 2135 648 2193 385.
666 2126 721 2190 XI
738 2131 826 2209 277).
869 2126 941 2204 Qua
964 2127 1146 2211 negatione
1168 2126 1349 2213 scriptores
1366 2126 1479 2190 Latini
1583 2155 1585 2159 ·

303 2233 544 2318 imperatorum
561 2241 670 2297 aetate
686 2233 752 2297 nisi
769 2243 846 2298 ante
864 2233 969 2298 verba
987 2233 1096 2320 posita
1112 2233 1183 2297 fere
1200 2256 1269 2298 non
1286 2233 1478 2311 utebantur,

303 2339 456 2425 inprimis
486 2340 692 2405 affirmativa
724 2340 871 2424 (Oberm.
903 2363 934 2426 p.
952 2345 1017 2425 22).
1065 2342 1157 2404 Ante
1186 2340 1291 2406 verba
1319 2339 1479 2425 negativa

303 2447 462 2512 Lucanus
479 2449 570 2513 haud
593 2446 645 2511 his
667 2447 749 2512 locis
772 2447 885 2533 posuit
901 2447 934 2512 V
951 2456 1015 2514 558
1038 2449 1128 2514 haud
1144 2447 1284 2513 dubitem
1309 2447 1396 2512 VIII
1414 2455 1475 2513 551

303 2554 393 2620 haud
417 2556 544 2635 metuis,
572 2554 614 2618 of.
640 2576 740 2618 carm.
766 2554 859 2618 Eins.
876 2555 950 2621 Π5
974 2557 1065 2620 haud
1088 2557 1176 2620 timet
1198 2555 1307 2622 hostes.

410 2661 684 2747 Praepositiones
702 2664 864 2744 adversus,
882 2664 1020 2740 tirmiter,
1038 2663 1093 2737 σὶε,
1112 2683 1231 2738 corum,
1254 2666 1357 2743 eutro,
1375 2660 1477 2745 iufra,

298 2789 410 2850 paam,
435 2789 529 2850 prae,
554 2773 689 2849 praeter
717 2791 828 2853 neque
857 2768 950 2854 apud·
972 2768 1148 2832 Lucanum
1176 2789 1288 2859 neque
1316 2767 1352 2831 in
1377 2791 1477 2833 earm.
1525 2809 1527 2814 .

304 2874 396 2938 Eins
422 2875 655 2940 inveniuntur.

409 2982 636 3046 Aoousativus
652 3004 794 3067 graecus
812 2981 869 3068 qui
885 2989 1037 3058 vocatur,
1058 2981 1254 3068 saepissime
1269 3004 1346 3047 oum
1364 2981 1478 3046 verbis

301 3088 473 3152 vestiendi
497 3089 726 3174 coniungitur.
763 3089 819 3153 Ad
844 3089 907 3153 alia
924 3088 1029 3153 verba
1045 3089 1176 3175 positus
1201 3111 1277 3153 oum
1302 3088 1478 3176 participio

302 3195 393 3258 Perf.
419 3195 513 3260 Pass
543 3203 737 3281 usurpatur,
772 3218 846 3260 raro
879 3217 956 3259 oum
985 3195 1090 3260 verbo
1123 3195 1233 3273 finito,
1267 3196 1363 3260 ouius
1397 3217 1478 3260 usus

304 3302 371 3366 duo
396 3303 549 3388 exempla
573 3303 662 3388 apud
687 3303 862 3367 Lucanum
888 3310 1083 3367 occurrunt:

303 3410 356 3473 III
369 3419 484 3494 587sq.
503 3411 607 3496 Tarpa
630 3412 729 3476 simul
747 3413 876 3495 puriter
899 3411 1007 3476 missis
1030 3417 1059 3475 et
1076 3415 1208 3495 pectora
1232 3412 1302 3477 tetis

500 3520 712 3604 Truusiqr'tur

303 3627 357 3690 IX
376 3635 439 3692 713
501 3626 657 3691 Pluribus
680 3627 734 3691 tue
757 3628 844 3693 uotis
868 3627 1031 3691 uariatum
1055 3626 1218 3710 tiupuitur
1241 3625 1357 3694 alutam.

304 3754 449 3817 quocum
474 3731 629 3797 conferas
653 3755 753 3797 carm.
780 3731 872 3796 Eius.
897 3732 966 3798 17:
1359 3732 1362 3738 ’

470 3840 523 3906 Vel
547 3863 643 3923 caper
666 3842 720 3906 ute
743 3846 822 3907 uota
836 3839 984 3923 froutam
1010 3841 1068 3922 qui
1086 3840 1241 3924 piuqitur
1264 3841 1348 3908 albu.

410 3947 525 4014 Verba
556 3947 612 4011 illa
641 3946 836 4032 composita,
868 3968 953 4032 quae
980 3954 1039 4010 aut
1067 3967 1143 4010 oum
1173 3946 1286 4011 dativo
1316 3956 1374 4012 aut
1402 3969 1479 4012 oum

304 4056 555 4142 praepositione
572 4054 838 4140 coniunguntur,
856 4055 1015 4120 Lucanus
1033 4075 1167 4139 semper
1181 4054 1253 4118 fare
1270 4076 1347 4118 oum
1364 4053 1478 4120 dativo

304 4163 467 4228 adhibuit.
525 4164 682 4227 Eundem
718 4184 817 4227 usum
851 4162 887 4226 in
924 4183 1024 4227 earm.
1060 4161 1154 4224 Eios,
1183 4160 1201 4224 I
1230 4169 1250 4227 4
1285 4160 1478 4226 invenimus

303 4272 466 4355 Impertite
493 4271 618 4337 lusibus
645 4276 757 4337 urtam.
806 4269 971 4353 (Verbum
1002 4271 1108 4335 redire
1130 4268 1221 4354 apud
1245 4269 1420 4332 Lucanum
1446 4276 1478 4332 et

304 4401 380 4443 oum
404 4381 443 4444 iu
466 4401 494 4442 o.
516 4380 598 4443 Aoo.
624 4386 657 4441 et
681 4399 757 4442 oum
782 4377 897 4442 dativo
922 4375 1139 4440 coniunctum
1165 4383 1230 4439 est:

465 4485 535 4550 VII
562 4494 624 4552 719
908 4506 1088 4566 rursusque
1111 4486 1148 4549 iu
1161 4488 1243 4567 satu
1267 4485 1373 4550 redire

480 4593 536 4656 IX
560 4600 624 4660 224
648 4593 728 4659 Juru
747 4593 862 4678 pelope
882 4594 996 4677 pirata
1021 4592 1112 4658 redit.

322 4779 325 4788 ‚
412 4699 463 4764 cf.
488 4699 581 4764 Eius.
605 4701 641 4764 H
665 4708 806 4776 22-24,
837 4699 865 4763 si
889 4720 970 4763 vera
994 4706 1143 4762 estmoe
1172 4696 1366 4762 coniectura
1390 4697 1480 4763 infra

306 4806 445 4894 prolata,
470 4807 546 4874 huie
570 4829 646 4874 aevo
675 4809 810 4874 rrdiisse
838 4844 880 4856 -—
910 4807 947 4873 iu
972 4807 1125 4890 antiquos
1153 4806 1322 4872 redieruut
1349 4806 1479 4872 saecula

304 4919 434 5003 mores.)
