3544 5494
772 589 969 649 ,.9,.

280 796 403 862 toribus
428 802 458 861 et
485 797 550 862 reis
572 819 755 879 paucorum
778 798 924 880 potentia
951 804 1171 882 praemietur.
1220 799 1327 878 Quam
1357 799 1455 864 orati-

278 926 377 969 onem
406 927 425 968 a
450 903 580 969 Seneca
610 905 833 990 conscriptam
864 925 938 969 esse
966 905 1249 970 verisimillimum
1279 914 1340 983 est,
1377 929 1455 970 cum

278 1011 507 1076 laudationem
537 1009 671 1076 Claudii
704 1011 758 1075 die
787 1011 917 1076 funeris
950 1035 970 1076 a
996 1011 1131 1077 Nerone
1160 1011 1309 1077 habitam
1339 1012 1380 1078 ab
1415 1036 1455 1079 eo

278 1117 497 1204 compositam
532 1139 606 1182 esse
640 1117 776 1182 Tacitus
810 1126 928 1183 auctor
960 1117 1003 1183 sit
1024 1125 1046 1204 ).
1101 1121 1221 1206 ltaque
1255 1120 1454 1198 sententiae,

278 1246 361 1309 quas
385 1232 420 1288 et
442 1224 477 1287 in
495 1224 644 1290 Senecae
667 1223 772 1301 libris,
798 1225 855 1310 qui
879 1234 960 1290 sunt
984 1226 1026 1291 de
1051 1227 1239 1304 clementia,
1265 1227 1358 1292 etin
1382 1227 1453 1292 Cal-

277 1331 390 1416 purnii
415 1331 511 1396 ecll
533 1331 739 1408 invenimus
763 1331 830 1396 iam
855 1331 933 1396 huic
957 1333 1101 1398 orationi
1124 1334 1236 1400 inesse
1261 1342 1454 1420 potuerunt,

278 1439 370 1503 unde
395 1461 414 1503 a
437 1446 536 1524 poeta
560 1447 715 1525 sumptae
739 1446 829 1504 sunt.

385 1546 513 1631 Ecloga
548 1561 660 1611 autem
694 1546 773 1625 VH,
810 1547 844 1611 in
882 1571 948 1633 qua
982 1548 1267 1635 amphitheatrum
1302 1549 1453 1635 ligneum

276 1652 357 1716 inde
382 1676 449 1718 av.
473 1664 514 1720 22
540 1654 753 1731 describitur,
778 1655 964 1720 certissime
987 1678 1077 1720 anno
1096 1665 1135 1722 57
1162 1657 1309 1722 adscribi
1332 1664 1453 1744 potest.

278 1760 402 1838 Quarta
426 1783 507 1839 vero
541 1761 660 1826 eodem
693 1761 765 1825 tere
788 1769 941 1848 ternpore
975 1763 1111 1828 videtur
1144 1785 1219 1828 esse
1252 1765 1453 1851 conscripta.

276 1867 349 1930 Iam
378 1867 528 1931 Schenkl
556 1868 718 1952 cognovit
747 1868 968 1954 Calpurnium
1001 1871 1064 1935 hac
1094 1871 1130 1935 in
1160 1872 1277 1957 ecloga
1306 1871 1454 1937 Senecae

278 1974 579 2059 apocolocyntosin
603 1975 743 2040 imitari:
769 1976 811 2040 ct.
838 1977 931 2064 Oalp.
956 1978 1007 2042 IV
1035 1988 1094 2046 137
1121 2001 1171 2064 sq.

344 2081 401 2163 Di,
421 2103 548 2163 precor,
573 2083 660 2148 bunc
676 2083 834 2166 irecenem,
859 2107 1032 2168 pateruios,
1058 2109 1161 2167 neque
1183 2085 1294 2168 fallor,
1320 2085 1359 2152 ab
1383 2087 1453 2168 ipso

344 2187 481 2254 Aethere
504 2190 650 2271 misistis,
670 2196 749 2272 post
771 2192 868 2275 lonpa
891 2194 1037 2258 reducite
1059 2193 1145 2258 citae

342 2295 501 2377 Tempora
523 2299 574 2361 cel
591 2297 706 2379 potius
729 2299 864 2362 mortale
887 2299 1043 2364 resolvite
1052 2322 1196 2382 pensum
1263 2387 1266 2394 .

344 2403 392 2467 Et
414 2407 489 2468 date
507 2411 667 2486 perpetuo
691 2406 843 2470 caelestia
866 2405 925 2485 fila
948 2408 1086 2472 metallo.

382 2511 502 2595 Itaque
518 2519 587 2575 tres
603 2510 677 2575 illas
696 2511 870 2597 Calpurnii
888 2513 1022 2598 eclogas
1044 2513 1141 2579 initio
1158 2514 1290 2600 imperii
1308 2515 1453 2580 Neronis

276 2624 366 2680 ortas
392 2639 466 2680 esse
490 2625 631 2681 constat.
678 2619 769 2682 Nero
794 2642 875 2684 vero
906 2643 925 2684 a
950 2618 1133 2706 Calpurnio
1163 2622 1263 2686 modo
1287 2623 1452 2708 luppiter,

277 2723 377 2787 modo
393 2724 553 2788 Phoebus
570 2723 761 2809 appellatur
778 2725 878 2789 simili
897 2727 997 2792 modo
1014 2734 1115 2812 atque
1132 2728 1313 2813 Augustus
1338 2752 1356 2794 a
1373 2751 1453 2794 suae

276 2829 394 2894 aetatis
424 2831 542 2916 poetis
590 2832 631 2896 ld
661 2854 766 2896 unum
801 2832 946 2897 tortasse
980 2834 1021 2898 ad
1057 2835 1270 2920 imperatoris
1303 2835 1454 2902 indolem

276 2937 432 3022 pertinet,
468 2940 559 3024 quod
592 2938 737 3023 legimus
770 2940 821 3005 IV
846 2950 886 3007 87
920 2943 1065 3023 facundo
1100 2942 1271 3008 comitatus
1299 2943 1454 3026 Apolline

278 3043 407 3110 Caesar.
456 3046 621 3111 Videmus
645 3045 751 3131 igitur
767 3057 886 3133 poetae
910 3049 1038 3113 nullam
1056 3072 1132 3114 curn
1157 3050 1360 3136 imperatore
1376 3074 1453 3116 con·

276 3153 492 3217 suetudinem
516 3175 606 3218 esse:
632 3162 750 3219 contra
775 3156 904 3220 Seneca
929 3156 1001 3220 eius
1026 3165 1225 3243 praeceptor
1249 3158 1359 3244 potuit
1382 3160 1452 3223 lau·

276 3259 356 3323 dare
372 3259 585 3346 imperatoris
603 3269 750 3339 cantum,
776 3285 841 3348 quo
863 3262 959 3328 illum
972 3262 1039 3328 iam
1056 3286 1199 3349 puerum
1224 3265 1453 3350 superbivisse

275 3374 418 3431 constat.

383 3473 451 3538 Sed
480 3475 546 3539 iarn
576 3477 618 3540 ad
643 3479 819 3542 Lucanum
854 3501 917 3543 nos
947 3490 1195 3556 convertamus
1227 3502 1326 3565 quem
1356 3504 1383 3545 a.
1410 3490 1452 3547 60

275 3579 446 3645 Neronem
469 3582 615 3668 propriis
640 3585 846 3653 carminibus
872 3584 1098 3651 celebravisse
1121 3586 1284 3652 traditum
1308 3595 1368 3652 est.

383 3687 439 3753 Sic
463 3689 553 3754 enim
571 3689 755 3755 Suetonius
778 3691 814 3754 in
836 3692 907 3757 vita
923 3694 1020 3758 Luc:
1041 3694 1155 3776 prima
1178 3695 1304 3778 inpenii
1328 3697 1453 3777 caperi-

276 3800 384 3860 menta
407 3796 444 3860 in
467 3797 611 3862 Neronis
636 3798 792 3863 laudibus
816 3799 907 3863 dedit
931 3801 1173 3882 quinquennali
1196 3802 1379 3867 certamine.

382 3903 584 3969 Acouratius
602 3905 703 3970 etiarn
721 3906 833 3971 Vacca
850 3907 907 3992 qui
925 3907 1063 3972 dicitur:
1088 3908 1210 3990 quippe
1234 3914 1265 3973 et
1279 3911 1454 3974 certamine

270 4011 490 4091 pentaeterico
515 4017 584 4077 acto
609 4013 646 4077 in
669 4014 808 4096 Pompei
833 4015 956 4079 theatro
980 4015 1137 4081 laudibus
1160 4016 1306 4081 recitatis
1329 4016 1366 4082 in
1388 4018 1452 4082 Ne-

275 4139 385 4181 ronem
413 4116 526 4200 fuerat
558 4126 732 4185 coronatus
764 4127 794 4184 et
823 4144 863 4186 erc
897 4128 1037 4204 tempore
1068 4121 1196 4205 Orphea
1229 4123 1388 4205 scriptum
1416 4124 1453 4188 in

276 4222 534 4306 experimentum
551 4229 724 4292 aduersum
742 4230 914 4310 conplures
928 4229 1077 4294 ediderat
1086 4233 1201 4311 poetas
1215 4235 1245 4294 et
1261 4235 1325 4294 tres
1343 4230 1451 4312 libros,

274 4333 387 4412 quales
410 4331 567 4397 uidemus,

382 4438 516 4503 Tertius
540 4441 670 4505 accedit
694 4440 822 4506 Statius
846 4442 920 4506 silv.
946 4443 982 4507 ΙΙ
1001 4453 1029 4519 7,
1056 4452 1096 4510 58
1115 4466 1162 4528 sq.

541 4547 702 4632 Inpratus
726 4548 815 4613 Nero
839 4549 992 4614 dulcibus
1017 4550 1152 4615 theatris

544 4655 592 4720 Et
614 4662 724 4721 noster
749 4656 807 4722 tibi
825 4656 1016 4739 proferetur
1041 4657 1199 4740 Orpheus.

380 4793 402 4866 1)
422 4813 487 4849 ann.
507 4796 583 4852 XIII
592 4797 617 4854 3.
637 4797 791 4854 Praeterea
810 4796 846 4853 cf.
866 4797 922 4852 Dio
941 4797 1021 4854 Cass.
1040 4797 1111 4852 LXI
1124 4799 1149 4852 3.
