3544 5494
706 549 928 622 245...

234 767 439 860 adloquitur,
465 765 663 858 Thamyras,
689 778 726 836 ut
750 790 826 836 eum
851 768 975 846 vincat,
1000 748 1128 840 Troiae
1145 763 1245 834 etiem
1270 785 1408 832 sensum

234 881 350 968 gaudii
372 881 438 946 dat.
477 879 681 966 (Responsio
706 878 758 943 his
775 876 888 943 verbis
912 877 1095 943 indicatur:
1123 878 1264 943 cinerea:
1278 875 1407 956 ruinae,

236 990 326 1054 tolle:
350 987 442 1070 tollit,
466 986 519 1051 Tu
543 986 633 1051 tolle:
656 991 760 1050 cester
781 1006 837 1049 cos
861 984 946 1050 tollit
968 985 1151 1070 alumnus.)

341 1132 383 1196 In
400 1129 554 1218 proxima
574 1136 670 1217 parte
692 1131 761 1216 (vv.
780 1132 925 1212 42—47)
947 1129 1117 1194 Homerus
1139 1127 1312 1192 inducitur
1327 1135 1409 1194 tam·

237 1261 337 1324 quarn
365 1237 557 1314 accurrerit,
586 1236 645 1302 ubi
672 1259 763 1301 nova
787 1234 907 1300 Troica
935 1235 1083 1300 earmina
1112 1235 1240 1300 cantari
1269 1234 1409 1300 audivit.

236 1346 372 1410 Desunt
395 1351 507 1410 autem
532 1343 631 1430 culpa
656 1341 842 1430 bibliopegi
863 1343 950 1406 male
972 1342 1079 1433 cultro
1096 1341 1193 1407 abusi
1209 1365 1242 1406 v.
1260 1350 1302 1409 42
1319 1349 1410 1407 totus

238 1461 272 1518 et
306 1451 478 1538 sequentis
504 1473 581 1538 pars
616 1449 764 1516 dimidia.
819 1449 952 1514 Pastori
988 1457 1099 1514 autem
1135 1449 1270 1535 utrique
1304 1449 1411 1516 trinos

238 1580 358 1624 versus
393 1559 489 1623 datos
523 1579 597 1622 esse
629 1557 735 1622 verba
763 1555 1005 1643 respondentia
1033 1556 1196 1634 indicant,
1231 1578 1316 1641 quae
1344 1556 1411 1621 iam

239 1665 484 1751 Kniclrenberg
508 1674 599 1730 recte
616 1663 824 1730 observavit:
850 1664 941 1730 albu:
964 1663 1116 1746 candidu,
1142 1663 1318 1729 caesaries:
1336 1663 1412 1729 Cac-

238 1795 377 1855 surcum,
396 1773 514 1854 pleno:
537 1772 692 1854 implevit.

347 1915 556 2000 Quamquam
581 1915 755 2002 complura
778 1913 883 1978 verba
907 1913 1117 1991 exciderunt,
1146 1921 1259 1979 tamen
1283 1915 1410 1980 Ledam

241 2047 261 2087 a
278 2023 450 2109 Thamyra
474 2029 670 2108 superatum
694 2021 860 2096 videmus,
886 2020 943 2105 qui
967 2042 1098 2085 summa
1122 2042 1203 2085 usus
1221 2021 1413 2086 adulatione

239 2131 412 2196 Neronem
438 2130 479 2195 ab
503 2129 652 2194 Homero
676 2127 751 2215 ipso
776 2135 974 2193 coronatum
998 2149 1073 2192 esse
1097 2127 1196 2193 canit.

348 2271 416 2337 Sed
445 2270 549 2336 maior
579 2277 631 2336 est
659 2269 817 2348 adulatio,
848 2269 995 2355 quaein
1017 2292 1073 2336 vv.
1098 2278 1150 2338 48.
1175 2279 1217 2338 49
1247 2272 1413 2358 sequitur:

241 2379 414 2466 Vergilius
430 2378 503 2464 ipse
520 2377 668 2443 carmina
684 2399 745 2442 sua
762 2379 862 2456 delet,
887 2377 945 2442 ubi
961 2377 1087 2443 maiora
1104 2377 1256 2444 Caesaris
1273 2380 1413 2447 audivit.

241 2488 429 2554 Hi‘versus
459 2487 525 2552 duo
554 2486 682 2552 nullam
713 2485 968 2572 responsionem
1000 2486 1134 2551 habent.
1181 2485 1301 2572 Neque
1325 2488 1415 2554 enim

242 2595 424 2662 verisimile
448 2601 499 2660 est
524 2593 628 2659 finem
659 2592 816 2659 carminis
840 2592 970 2657 scribae
993 2593 1209 2678 neglegentia
1236 2593 1415 2674 interiisse,

242 2702 277 2767 id
295 2702 385 2788 quod
402 2701 468 2766 iam
483 2700 672 2766 Buecheler
688 2708 778 2765 recte
795 2698 971 2784 cognovit:
994 2722 1070 2786 pag.
1083 2708 1145 2767 237
1168 2703 1190 2784 (.
1207 2753 1213 2765 .
1229 2753 1235 2764 .
1253 2702 1417 2787 schlieflen

243 2812 332 2895 muti,
361 2809 436 2874 weil
459 2812 517 2874 der
542 2807 704 2890 Cedcnke,
734 2808 803 2891 dull
823 2806 911 2872 Nero
936 2809 996 2872 dus
1018 2807 1162 2873 Hdchste
1184 2807 1222 2872 iu
1243 2807 1418 2875 romischcr

245 2917 417 3002 Dichtuup
439 2918 622 2998 dbcrbotec,
647 2917 719 2980 aad
741 2917 803 2980 dua
826 2914 976 2979 reccaredo
992 2914 1083 2997 Bitu,
1113 2915 1248 2982 welches
1271 2920 1335 2983 dec
1359 2917 1417 2982 Ce-

244 3026 375 3090 duulren
398 3025 550 3106 chamolt,
576 3022 730 3088 hciucrlei
751 3021 943 3105 Anhdnpsel
962 3025 1136 3105 pesluttct.)
1170 3022 1290 3109 Itaque
1306 3024 1418 3090 facere

244 3155 314 3198 non
339 3153 488 3218 pessum,
514 3130 594 3216 quin
619 3133 681 3196 hos
705 3152 835 3208 versus,
860 3138 898 3194 ut
920 3130 1025 3208 1138,
1051 3131 1092 3196 ab
1117 3139 1260 3216 utroque
1284 3139 1418 3217 pastore

245 3238 345 3304 simul
369 3244 521 3303 cantatos
546 3257 619 3302 esse
643 3237 787 3302 credam.
835 3236 954 3321 Neque
978 3237 1068 3301 enim
1092 3259 1229 3302 carmen
1253 3239 1317 3304 hoe
1341 3261 1418 3304 oum

246 3343 496 3421 certaminibus,
517 3365 602 3428 quae
618 3343 709 3430 apud
726 3343 866 3409 Theoor.
885 3351 919 3407 et
935 3343 1038 3429 Verg.
1056 3351 1207 3430 pastores
1224 3344 1417 3424 instituunt,

245 3453 383 3538 omnino
408 3450 587 3528 consentit,
616 3450 676 3516 sed
699 3473 758 3536 per
782 3472 818 3514 se
842 3472 978 3515 carmen
1002 3451 1066 3516 hoo
1090 3450 1232 3538 simplex
1256 3460 1289 3517 et
1312 3474 1418 3517 unum

247 3567 308 3638 est,
333 3559 428 3624 ouius
452 3558 500 3624 rei
524 3558 716 3644 exemplum
739 3561 808 3623 tam
831 3557 1050 3644 praecipuum
1071 3558 1160 3644 apud
1177 3565 1294 3644 poetas
1318 3555 1417 3625 buce·

246 3667 328 3732 lioos
352 3689 421 3732 non
445 3665 648 3730 invenimus.
689 3665 831 3730 Carmen
856 3672 967 3730 autem
992 3666 1066 3741 hoc,
1090 3665 1111 3729 i.
1130 3688 1158 3729 e.
1183 3665 1256 3730 lans
1272 3665 1418 3732 Neronis

248 3772 441 3852 citharoedi,
466 3772 577 3860 potius
602 3795 679 3838 cum
702 3771 839 3857 hymnis
855 3771 891 3836 in
907 3772 1042 3838 laudem
1063 3773 1202 3837 deorum
1224 3774 1418 3861 compositis

248 3881 521 3968 comparaverim.
570 3881 638 3945 Sed
670 3889 780 3966 poeta,
813 3888 851 3945 ut
880 3901 965 3967 opus
1000 3881 1171 3967 quoddam
1205 3881 1419 3947 artificiosius

249 3995 446 4066 exstrueret,
480 3987 619 4053 carmini
644 3994 774 4051 vestem
808 3987 902 4072 quasi
928 3989 1144 4053 dramaticanr
1177 3987 1297 4053 induit.
1348 3990 1421 4054 Iam

250 4104 389 4182 apparet
420 4095 563 4162 formam
595 4101 728 4159 tantum
761 4117 802 4159 ex
835 4077 1001 4160 similibus
1030 4094 1200 4160 Theocriti
1234 4103 1268 4160 et
1291 4094 1421 4180 Vergili

249 4201 453 4268 carminibus
489 4202 626 4288 petitam
662 4222 746 4266 esse.
793 4201 911 4287 Neque
947 4202 1037 4266 enim
1073 4203 1127 4267 hic
1161 4203 1203 4267 de
1239 4201 1421 4267 certamine

250 4333 286 4375 re
302 4332 385 4374 vera
401 4309 520 4394 agitur.
546 4310 598 4374 Re
615 4332 697 4374 vera
713 4331 823 4394 neque
837 4309 947 4374 Ladas
964 4331 1075 4395 neque
1093 4309 1280 4396 Thamyras
1297 4309 1421 4395 pignus

251 4419 496 4504 deposuerunt,
528 4415 641 4502 itaque
671 4415 770 4480 etiam
799 4415 911 4481 Midae
941 4417 1103 4483 iudicium
1133 4438 1422 4504 supervacaneum

251 4534 311 4590 est.
370 4524 513 4590 Carmen
561 4523 649 4589 enim
692 4523 859 4609 peculiare
902 4524 1036 4590 laudem
1075 4524 1221 4589 Neronis
1260 4523 1421 4603 continet,

251 4632 426 4698 exordium
465 4653 557 4708 vero,
597 4631 686 4716 quod
727 4638 904 4718 propterea
941 4639 1073 4696 tantum
1111 4631 1339 4718 anteponitur,
1385 4638 1423 4696 ut

252 4739 320 4806 duo
359 4739 424 4804 hoo
462 4760 597 4803 carmen
635 4745 787 4816 cantent,
831 4738 936 4804 multo
982 4737 1121 4804 minoris
1159 4739 1322 4806 momenti
1360 4748 1420 4806 est.
